1968 3396
159 173 211 221 200
453 162 688 212 ‘unanuunon

159 327 304 397 Dejectare
319 330 400 390 caput
413 330 545 383 naturam,
561 327 589 374 et
602 321 701 374 cedere
713 324 814 376 morti:

159 421 267 476 Testari
281 437 314 474 ex
328 420 386 487 ipso
399 418 545 487 primordia
555 417 611 470 fine
624 417 741 477 videtur,

159 518 195 571 Et
208 534 263 570 non
277 515 364 568 vitalis
377 515 478 568 sensim
492 529 638 566 vanescere
651 491 782 568 mundus.

195 611 239 664 Sic
253 611 300 664 ubi
312 610 427 679 perfecit
440 609 530 661 divina
544 608 671 661 Daedalus
683 615 741 662 arte
965 681 966 684 Ἴ

160 705 329 760 Automaton
342 704 426 766 saber,
440 704 569 772 appendit
582 719 644 756 curn
657 704 757 757 mobile
769 705 885 772 pondua,

161 799 406 870 Aptavitquerotis
418 815 491 857 axes.
507 797 753 852 mandataiacessit
966 808 967 870 t

161 895 273 965 Singula
285 911 362 964 pars:
382 894 487 961 piacido
500 900 622 963 systema
633 901 729 948 tenore
741 901 888 949 moretum

161 988 199 1042 Ar
212 1005 275 1042 curn
288 988 379 1042 nativa
391 989 498 1056 pondus
510 987 625 1041 libratile
637 995 721 1042 terras

162 1088 290 1156 Attigerit
302 1088 441 1156 gravitate,
457 1089 575 1141 retardat
587 1089 712 1143 maehina
723 1105 831 1151 curcua,

163 1184 385 1253 Principiumque
396 1185 486 1238 brevis
499 1191 591 1238 motus
604 1185 727 1240 confessa
738 1185 868 1254 quiescit.

265 1356 440 1419 cantabrigia,
452 1356 478 1404 in
490 1356 605 1406 Comitiis
616 1357 804 1422 posterioribus,
820 1355 927 1408 1715-16.

433 1845 696 1908 ἘΞΑΗΜΕΡΟΝ

166 2041 336 2096 Parucuuuu
351 2061 450 2107 rerum,
466 2045 530 2108 caii,
545 2051 686 2112 terraeque,
701 2042 848 2110 marianne,

166 2140 329 2192 Nascentem
344 2157 359 2194 e
371 2140 456 2193 nihilo
469 2141 611 2202 mundum,
626 2139 814 2207 artificemque
826 2138 955 2198 dehoram.

166 2235 296 2304 Magnum
310 2253 387 2304 opua
402 2236 543 2304 aggredior
556 2237 634 2289 tenui
645 2236 783 2289 celebrare
795 2251 921 2289 camaena

202 2333 276 2384 Ante
289 2349 371 2394 mare,
387 2339 415 2384 et
427 2339 520 2393 terras,
536 2333 682 2401 superique
695 2331 792 2400 palatia
805 2333 871 2394 caeli,

166 2428 265 2481 Omnia
275 2436 351 2481 erant
359 2429 484 2489 tenebrae,
497 2429 580 2481 chaos
588 2429 694 2487 omnim
709 2445 773 2481 cum
784 2426 864 2482 Deus
872 2427 957 2496 inquit

167 2533 184 2553 ¹·
196 2524 255 2577 Fiat
266 2525 342 2578 lux.”
370 2523 490 2577 Verburn
503 2525 676 2592 omnipotens
689 2540 744 2576 nox
757 2524 885 2592 protinus
896 2531 946 2576 arn

166 2619 270 2681 Audiit,
284 2620 367 2688 inque
380 2635 442 2672 suas
454 2618 524 2688 fugit
536 2618 716 2672 tremebunda
726 2618 862 2679 latebram
884 2663 891 2676 .

167 2714 318 2783 Stipatique
331 2715 407 2784 ignes
420 2715 550 2769 radiantia
562 2714 617 2768 teia
629 2714 683 2767 diei

168 2807 276 2872 Misere,
292 2817 319 2863 et
332 2809 389 2863 risit
402 2809 500 2863 diffuso
512 2810 616 2863 lumine
629 2808 757 2862 mundus.

167 2903 210 2952 Sic
224 2903 326 2966 primus
338 2904 443 2970 fulgere
456 2905 513 2956 dies
526 2905 635 2972 incepit,
651 2910 679 2956 et
691 2903 785 2956 orbem

166 2991 338 3053 Describens,
354 2995 419 3048 aiios
432 2996 510 3049 latuit
524 2999 697 3052 renovandus
710 2998 737 3050 in
752 3003 840 3051 onus.
