1986 3398
27 617 216 672 OCEANUS
237 616 466 671 PRAEDATOR
492 617 543 670 ET
565 616 832 672 RESTITUTOR.

28 777 136 828 Arcum
154 775 282 829 Oceanus
295 782 380 830 terras
392 777 455 829 hinc
468 777 531 830 inde
540 777 663 846 jacentes
674 798 681 837 ς

63 873 184 926 Excavat
198 882 225 926 et
239 874 317 940 ripas,
333 875 431 930 subtus
444 875 560 936 edendo,
575 874 671 926 salum.

29 971 67 1022 At
80 986 171 1038 neque
183 969 352 1023 contrahitur
365 970 447 1024 tellus
460 972 593 1024 subducta
606 970 712 1038 rapinis,

62 1068 99 1120 At
112 1083 203 1134 neque
215 1066 245 1119 fit
257 1067 336 1120 lurtis
348 1068 453 1121 auctior
466 1069 539 1121 unda
551 1068 616 1121 suis.

27 1163 95 1215 Nam
109 1169 186 1230 parte
199 1179 233 1214 ex
245 1162 297 1214 alia
309 1162 443 1216 desertam
456 1164 580 1217 extendit
592 1180 701 1217 arenam

61 1259 161 1319 littus,
177 1264 205 1310 et
218 1274 234 1310 e
247 1257 342 1311 mediis
354 1258 443 1312 insula
456 1260 552 1313 crescit
564 1261 649 1329 aquis.

28 1354 71 1407 Nil
84 1355 197 1423 prodest
209 1354 324 1416 lucrum,
340 1354 385 1408 cui
398 1355 495 1408 damna
508 1355 638 1424 aequalia:
658 1354 726 1408 fines

60 1450 190 1504 Oceanus
203 1450 363 1511 mutat'sed
376 1467 504 1518 superare
517 1451 620 1520 nequit.

187 2143 390 2198 PARENTlS
412 2143 668 2198 SOLlClTUDO.

30 2328 208 2390 Promeae,
228 2335 255 2383 et
268 2329 345 2398 pilos,
361 2337 389 2382 et
401 2345 526 2382 muscum
539 2327 604 2382 hinc
616 2327 717 2397 colligit
729 2327 810 2389 illinc,

60 2425 179 2478 Fetibus
192 2432 225 2478 ut
237 2424 331 2478 nidum
345 2425 439 2479 sedula
451 2432 553 2478 sternat
566 2424 638 2478 atis:

31 2521 104 2581 Quos
117 2522 165 2574 ubi
177 2529 317 2590 surreptos
330 2539 413 2576 cavea
424 2523 566 2590 suspendit
579 2528 676 2582 arator,

62 2617 114 2670 llic
126 2633 239 2686 quoque
251 2618 372 2686 captivos
385 2619 498 2687 provida
510 2625 594 2670 mater
607 2617 662 2670 alit.

32 2711 57 2765 Si
67 2729 197 2776 muscam,
213 2713 237 2766 si
250 2730 369 2766 vermem
382 2713 467 2777 affert,
484 2713 527 2767 rel
537 2713 609 2767 forte
621 2713 748 2775 cicadam,

63 2809 151 2864 Totus
163 2810 220 2863 hiat
232 2809 322 2870 nidus,
339 2810 570 2878 conqueriturque
581 2807 690 2862 famem.

33 2905 123 2960 Infelix
135 2908 164 2960 in
179 2914 295 2975 utroque
308 2923 405 2976 parens
416 2905 423 2960 1
442 2907 517 2960 labor
530 2913 572 2960 est
584 2906 728 2974 peperisse,

63 3003 97 3056 Et
108 3003 185 3057 labor
197 3012 239 3057 est
251 3003 341 3072 pullos
354 3019 410 3056 non
424 3003 562 3072 peperisse
574 3002 632 3058 sibi.
