<?xml version="1.0" encoding="UTF-8"?>
<!DOCTYPE html PUBLIC "-//W3C//DTD XHTML 1.0 Transitional//EN"
    "http://www.w3.org/TR/xhtml1/DTD/xhtml1-transitional.dtd">
<html xmlns="http://www.w3.org/1999/xhtml" xml:lang="en" lang="en">
 <head>
  <title>
</title>
<meta http-equiv="Content-Type" content="text/html;charset=utf-8" />
  <meta name='ocr-system' content='tesseract 3.04.00' />
  <meta name='ocr-capabilities' content='ocr_page ocr_carea ocr_par ocr_line ocrx_word'/>
</head>
<body>
  <div class='ocr_page' id='page_1' title='image "./poeticalworksla01bourgoog_0290.png"; bbox 0 0 2002 3400; ppageno 0'>
   <div class='ocr_carea' id='block_1_1' title="bbox 521 133 575 188">
    <p class='ocr_par' dir='ltr' id='par_1_1' title="bbox 521 133 575 188">
     <span class='ocr_line' id='line_1_1' title="bbox 521 133 575 188; baseline 0 -3"><span class='ocrx_word' id='word_1_1' title='bbox 521 133 575 188; x_wconf 72' lang='lat'>27⁰</span> 
     </span>
    </p>
   </div>
   <div class='ocr_carea' id='block_1_2' title="bbox 184 381 899 447">
    <p class='ocr_par' dir='ltr' id='par_1_2' title="bbox 184 381 899 447">
     <span class='ocr_line' id='line_1_2' title="bbox 184 381 899 447; baseline -0.006 -7"><span class='ocrx_word' id='word_1_2' title='bbox 184 381 378 447; x_wconf 66' lang='lat' dir='ltr'>constitu,</span> <span class='ocrx_word' id='word_1_3' title='bbox 402 384 501 446; x_wconf 89' lang='lat' dir='ltr'><strong>QUID</strong></span> <span class='ocrx_word' id='word_1_4' title='bbox 521 384 714 439; x_wconf 80' lang='lat' dir='ltr'>VALEANT</span> <span class='ocrx_word' id='word_1_5' title='bbox 736 381 899 437; x_wconf 83' lang='lat' dir='ltr'><strong>HUMERI.</strong></span> 
     </span>
    </p>
   </div>
   <div class='ocr_carea' id='block_1_3' title="bbox 148 517 921 1069">
    <p class='ocr_par' dir='ltr' id='par_1_3' title="bbox 148 517 918 683">
     <span class='ocr_line' id='line_1_3' title="bbox 148 517 918 588; baseline -0.001 -17"><span class='ocrx_word' id='word_1_6' title='bbox 148 517 285 572; x_wconf 78' lang='lat' dir='ltr'>Rcrusms</span> <span class='ocrx_word' id='word_1_7' title='bbox 296 519 350 573; x_wconf 84' lang='lat' dir='ltr'>lert</span> <span class='ocrx_word' id='word_1_8' title='bbox 362 521 496 574; x_wconf 88' lang='lat' dir='ltr'>mundum</span> <span class='ocrx_word' id='word_1_9' title='bbox 508 520 637 582; x_wconf 85' lang='lat' dir='ltr'>humeris,</span> <span class='ocrx_word' id='word_1_10' title='bbox 652 527 680 574; x_wconf 88' lang='lat' dir='ltr'>et</span> <span class='ocrx_word' id='word_1_11' title='bbox 692 521 813 588; x_wconf 89' lang='lat' dir='ltr'>pondere</span> <span class='ocrx_word' id='word_1_12' title='bbox 826 533 918 572; x_wconf 84' lang='lat' dir='ltr'>curvus</span> 
     </span>
     <span class='ocr_line' id='line_1_4' title="bbox 184 613 738 683; baseline -0.002 -16"><span class='ocrx_word' id='word_1_13' title='bbox 184 613 278 675; x_wconf 74' lang='lat' dir='ltr'>Suum,</span> <span class='ocrx_word' id='word_1_14' title='bbox 293 622 321 669; x_wconf 89' lang='lat' dir='ltr'>et</span> <span class='ocrx_word' id='word_1_15' title='bbox 333 615 438 683; x_wconf 81' lang='lat' dir='ltr'><strong>ingenti</strong></span> <span class='ocrx_word' id='word_1_16' title='bbox 449 615 521 670; x_wconf 90' lang='lat' dir='ltr'>mole</span> <span class='ocrx_word' id='word_1_17' title='bbox 533 616 636 668; x_wconf 80' lang='lat' dir='ltr'>laborat</span> <span class='ocrx_word' id='word_1_18' title='bbox 652 615 738 668; x_wconf 76' lang='lat' dir='ltr'>Atlas.</span> 
     </span>
    </p>

    <p class='ocr_par' dir='ltr' id='par_1_4' title="bbox 149 710 921 876">
     <span class='ocr_line' id='line_1_5' title="bbox 149 710 921 780; baseline -0.004 -16"><span class='ocrx_word' id='word_1_19' title='bbox 149 711 227 772; x_wconf 87' lang='lat' dir='ltr'>Quos</span> <span class='ocrx_word' id='word_1_20' title='bbox 239 727 347 772; x_wconf 87' lang='lat' dir='ltr'>nervos,</span> <span class='ocrx_word' id='word_1_21' title='bbox 364 727 444 780; x_wconf 77' lang='lat' dir='ltr'>quam</span> <span class='ocrx_word' id='word_1_22' title='bbox 457 712 600 773; x_wconf 86' lang='lat' dir='ltr'>cervicem,</span> <span class='ocrx_word' id='word_1_23' title='bbox 615 728 674 780; x_wconf 76' lang='lat' dir='ltr'>qum</span> <span class='ocrx_word' id='word_1_24' title='bbox 686 710 801 772; x_wconf 82' lang='lat' dir='ltr'>brachis,</span> <span class='ocrx_word' id='word_1_25' title='bbox 816 725 921 763; x_wconf 86' lang='lat' dir='ltr'>crurum</span> 
     </span>
     <span class='ocr_line' id='line_1_6' title="bbox 185 803 849 876; baseline -0.003 -16"><span class='ocrx_word' id='word_1_26' title='bbox 185 807 273 868; x_wconf 80' lang='lat' dir='ltr'>Quam</span> <span class='ocrx_word' id='word_1_27' title='bbox 287 808 388 861; x_wconf 80' lang='lat' dir='ltr'>validos</span> <span class='ocrx_word' id='word_1_28' title='bbox 401 825 489 861; x_wconf 88' lang='lat' dir='ltr'>nexus</span> <span class='ocrx_word' id='word_1_29' title='bbox 502 815 557 860; x_wconf 82' lang='lat' dir='ltr'>tem</span> <span class='ocrx_word' id='word_1_30' title='bbox 569 825 651 876; x_wconf 81' lang='lat' dir='ltr'>grave</span> <span class='ocrx_word' id='word_1_31' title='bbox 663 807 750 875; x_wconf 84' lang='lat' dir='ltr'>poscit</span> <span class='ocrx_word' id='word_1_32' title='bbox 762 803 849 858; x_wconf 85' lang='lat' dir='ltr'>onus!</span> 
     </span>
    </p>

    <p class='ocr_par' dir='ltr' id='par_1_5' title="bbox 149 903 820 1069">
     <span class='ocr_line' id='line_1_7' title="bbox 149 903 820 971; baseline -0.004 -13"><span class='ocrx_word' id='word_1_33' title='bbox 149 903 173 958; x_wconf 94' lang='lat'>0</span> <span class='ocrx_word' id='word_1_34' title='bbox 187 911 266 958; x_wconf 85' lang='lat' dir='ltr'>caute</span> <span class='ocrx_word' id='word_1_35' title='bbox 278 905 400 964; x_wconf 67' lang='lat' dir='ltr'>incedam</span> <span class='ocrx_word' id='word_1_36' title='bbox 419 905 547 958; x_wconf 90' lang='lat' dir='ltr'>minimus</span> <span class='ocrx_word' id='word_1_37' title='bbox 560 920 621 957; x_wconf 82' lang='lat' dir='ltr'>nam</span> <span class='ocrx_word' id='word_1_38' title='bbox 634 903 657 956; x_wconf 90' lang='lat' dir='ltr'>si</span> <span class='ocrx_word' id='word_1_39' title='bbox 670 903 718 956; x_wconf 90' lang='lat' dir='ltr'>tibi</span> <span class='ocrx_word' id='word_1_40' title='bbox 729 904 820 971; x_wconf 82' lang='lat' dir='ltr'>lapsus</span> 
     </span>
     <span class='ocr_line' id='line_1_8' title="bbox 183 999 718 1069; baseline -0.004 -16"><span class='ocrx_word' id='word_1_41' title='bbox 183 999 311 1054; x_wconf 75' lang='lat' dir='ltr'>Offendat</span> <span class='ocrx_word' id='word_1_42' title='bbox 322 1017 441 1069; x_wconf 83' lang='lat' dir='ltr'>gressus,</span> <span class='ocrx_word' id='word_1_43' title='bbox 455 1000 547 1054; x_wconf 84' lang='lat' dir='ltr'>omnia</span> <span class='ocrx_word' id='word_1_44' title='bbox 557 999 718 1054; x_wconf 85' lang='lat' dir='ltr'>corruimus.</span> 
     </span>
    </p>
   </div>
   <div class='ocr_carea' id='block_1_4' title="bbox 245 1284 845 1341">
    <p class='ocr_par' dir='ltr' id='par_1_6' title="bbox 245 1284 845 1341">
     <span class='ocr_line' id='line_1_9' title="bbox 245 1284 845 1341; baseline -0.007 0"><span class='ocrx_word' id='word_1_45' title='bbox 245 1286 405 1341; x_wconf 89' lang='lat' dir='ltr'><strong>OBSUNT</strong></span> <span class='ocrx_word' id='word_1_46' title='bbox 428 1284 684 1340; x_wconf 80' lang='lat' dir='ltr'><strong>AUCTORIBUS</strong></span> <span class='ocrx_word' id='word_1_47' title='bbox 706 1284 845 1339; x_wconf 85' lang='lat' dir='ltr'>ARTES.</span> 
     </span>
    </p>
   </div>
   <div class='ocr_carea' id='block_1_5' title="bbox 145 1425 989 1985">
    <p class='ocr_par' dir='ltr' id='par_1_7' title="bbox 146 1425 989 1600">
     <span class='ocr_line' id='line_1_10' title="bbox 146 1425 989 1504; baseline 0.001 -17"><span class='ocrx_word' id='word_1_48' title='bbox 146 1433 349 1487; x_wconf 76' lang='lat' dir='ltr'>lnsrnurrrnrr</span> <span class='ocrx_word' id='word_1_49' title='bbox 363 1436 445 1498; x_wconf 87' lang='lat' dir='ltr'>necis,</span> <span class='ocrx_word' id='word_1_50' title='bbox 461 1452 520 1504; x_wconf 84' lang='lat' dir='ltr'>quae</span> <span class='ocrx_word' id='word_1_51' title='bbox 532 1435 633 1488; x_wconf 84' lang='lat' dir='ltr'>nitrum</span> <span class='ocrx_word' id='word_1_52' title='bbox 647 1442 675 1489; x_wconf 87' lang='lat' dir='ltr'>et</span> <span class='ocrx_word' id='word_1_53' title='bbox 687 1435 816 1503; x_wconf 82' lang='lat' dir='ltr'>sulphura</span> <span class='ocrx_word' id='word_1_54' title='bbox 828 1435 928 1495; x_wconf 85' lang='lat' dir='ltr'>miscet,</span> <span class='ocrx_word' id='word_1_55' title='bbox 988 1425 989 1428; x_wconf 26' lang='lat'>¹</span> 
     </span>
     <span class='ocr_line' id='line_1_11' title="bbox 182 1530 799 1600; baseline 0.002 -17"><span class='ocrx_word' id='word_1_56' title='bbox 182 1530 214 1583; x_wconf 89' lang='lat' dir='ltr'>ln</span> <span class='ocrx_word' id='word_1_57' title='bbox 226 1531 360 1585; x_wconf 83' lang='lat' dir='ltr'><strong>flammam</strong></span> <span class='ocrx_word' id='word_1_58' title='bbox 373 1533 495 1600; x_wconf 85' lang='lat' dir='ltr'>ignescit,</span> <span class='ocrx_word' id='word_1_59' title='bbox 510 1533 704 1600; x_wconf 79' lang='lat' dir='ltr'>subruiturque</span> <span class='ocrx_word' id='word_1_60' title='bbox 720 1532 799 1585; x_wconf 86' lang='lat' dir='ltr'>mola.</span> 
     </span>
    </p>

    <p class='ocr_par' dir='ltr' id='par_1_8' title="bbox 146 1627 988 1779">
     <span class='ocr_line' id='line_1_12' title="bbox 146 1627 988 1697; baseline -0.002 -15"><span class='ocrx_word' id='word_1_61' title='bbox 146 1627 252 1682; x_wconf 77' lang='lat' dir='ltr'>Cuncta</span> <span class='ocrx_word' id='word_1_62' title='bbox 265 1628 364 1691; x_wconf 82' lang='lat' dir='ltr'>volant,</span> <span class='ocrx_word' id='word_1_63' title='bbox 379 1628 515 1697; x_wconf 86' lang='lat' dir='ltr'>lacerique</span> <span class='ocrx_word' id='word_1_64' title='bbox 527 1636 602 1682; x_wconf 75' lang='lat' dir='ltr'>artus</span> <span class='ocrx_word' id='word_1_65' title='bbox 614 1636 642 1682; x_wconf 91' lang='lat' dir='ltr'>et</span> <span class='ocrx_word' id='word_1_66' title='bbox 654 1646 719 1682; x_wconf 82' lang='lat' dir='ltr'>saxa</span> <span class='ocrx_word' id='word_1_67' title='bbox 730 1629 880 1696; x_wconf 84' lang='lat' dir='ltr'>trabesque,</span> <span class='ocrx_word' id='word_1_68' title='bbox 987 1691 988 1696; x_wconf 7' lang='grc' dir='ltr'>ἵ</span> 
     </span>
     <span class='ocr_line' id='line_1_13' title="bbox 180 1722 756 1779; baseline 0.003 -3"><span class='ocrx_word' id='word_1_69' title='bbox 180 1722 217 1776; x_wconf 88' lang='lat' dir='ltr'>Et</span> <span class='ocrx_word' id='word_1_70' title='bbox 230 1725 331 1778; x_wconf 78' lang='lat' dir='ltr'>distans</span> <span class='ocrx_word' id='word_1_71' title='bbox 344 1725 434 1779; x_wconf 89' lang='lat' dir='ltr'>subito</span> <span class='ocrx_word' id='word_1_72' title='bbox 446 1724 560 1779; x_wconf 81' lang='lat' dir='ltr'>fulmine</span> <span class='ocrx_word' id='word_1_73' title='bbox 572 1732 644 1778; x_wconf 85' lang='lat' dir='ltr'>terra</span> <span class='ocrx_word' id='word_1_74' title='bbox 655 1725 756 1778; x_wconf 88' lang='lat' dir='ltr'>tremit.</span> 
     </span>
    </p>

    <p class='ocr_par' dir='ltr' id='par_1_9' title="bbox 145 1819 859 1985">
     <span class='ocr_line' id='line_1_14' title="bbox 145 1819 783 1889; baseline 0 -15"><span class='ocrx_word' id='word_1_75' title='bbox 145 1820 236 1874; x_wconf 83' lang='lat' dir='ltr'>Triste</span> <span class='ocrx_word' id='word_1_76' title='bbox 248 1837 335 1888; x_wconf 83' lang='lat' dir='ltr'>genus</span> <span class='ocrx_word' id='word_1_77' title='bbox 347 1819 432 1874; x_wconf 84' lang='lat' dir='ltr'>lethil</span> <span class='ocrx_word' id='word_1_78' title='bbox 452 1821 500 1874; x_wconf 87' lang='lat' dir='ltr'>sed</span> <span class='ocrx_word' id='word_1_79' title='bbox 513 1837 576 1889; x_wconf 92' lang='lat' dir='ltr'>quo,</span> <span class='ocrx_word' id='word_1_80' title='bbox 591 1821 614 1874; x_wconf 93' lang='lat' dir='ltr'>si</span> <span class='ocrx_word' id='word_1_81' title='bbox 625 1820 722 1874; x_wconf 81' lang='lat' dir='ltr'>funere</span> <span class='ocrx_word' id='word_1_82' title='bbox 735 1821 783 1874; x_wconf 83' lang='lat' dir='ltr'>tali</span> 
     </span>
     <span class='ocr_line' id='line_1_15' title="bbox 179 1914 859 1985; baseline 0 -17"><span class='ocrx_word' id='word_1_83' title='bbox 179 1914 286 1984; x_wconf 83' lang='lat' dir='ltr'>Dignus</span> <span class='ocrx_word' id='word_1_84' title='bbox 299 1922 357 1968; x_wconf 82' lang='lat' dir='ltr'>eret</span> <span class='ocrx_word' id='word_1_85' title='bbox 369 1915 519 1984; x_wconf 81' lang='lat' dir='ltr'>quisquam,</span> <span class='ocrx_word' id='word_1_86' title='bbox 535 1917 633 1985; x_wconf 84' lang='lat' dir='ltr'>dignus</span> <span class='ocrx_word' id='word_1_87' title='bbox 646 1924 674 1969; x_wconf 88' lang='lat' dir='ltr'>et</span> <span class='ocrx_word' id='word_1_88' title='bbox 685 1923 781 1970; x_wconf 82' lang='lat' dir='ltr'>auctor</span> <span class='ocrx_word' id='word_1_89' title='bbox 794 1923 859 1969; x_wconf 81' lang='lat' dir='ltr'>erat.</span> 
     </span>
    </p>
   </div>
   <div class='ocr_carea' id='block_1_6' title="bbox 357 2144 726 2209">
    <p class='ocr_par' dir='ltr' id='par_1_10' title="bbox 357 2144 726 2209">
     <span class='ocr_line' id='line_1_16' title="bbox 357 2144 726 2209; baseline 0 -11"><span class='ocrx_word' id='word_1_90' title='bbox 357 2144 411 2198; x_wconf 86' lang='lat' dir='ltr'>UT</span> <span class='ocrx_word' id='word_1_91' title='bbox 431 2144 556 2209; x_wconf 85' lang='lat' dir='ltr'>VIVAS,</span> <span class='ocrx_word' id='word_1_92' title='bbox 578 2145 726 2200; x_wconf 80' lang='lat' dir='ltr'><strong>VIGILA.</strong></span> 
     </span>
    </p>
   </div>
   <div class='ocr_carea' id='block_1_7' title="bbox 141 2293 984 3024">
    <p class='ocr_par' dir='ltr' id='par_1_11' title="bbox 141 2293 837 2555">
     <span class='ocr_line' id='line_1_17' title="bbox 143 2293 837 2364; baseline -0.001 -16"><span class='ocrx_word' id='word_1_93' title='bbox 143 2293 197 2348; x_wconf 84' lang='lat' dir='ltr'>Cur</span> <span class='ocrx_word' id='word_1_94' title='bbox 209 2309 282 2350; x_wconf 87' lang='lat' dir='ltr'>mors</span> <span class='ocrx_word' id='word_1_95' title='bbox 296 2301 337 2350; x_wconf 87' lang='lat' dir='ltr'>est</span> <span class='ocrx_word' id='word_1_96' title='bbox 348 2295 464 2358; x_wconf 90' lang='lat' dir='ltr'>lucrum,</span> <span class='ocrx_word' id='word_1_97' title='bbox 479 2296 525 2350; x_wconf 87' lang='lat' dir='ltr'>cui</span> <span class='ocrx_word' id='word_1_98' title='bbox 536 2313 610 2350; x_wconf 85' lang='lat' dir='ltr'>mors</span> <span class='ocrx_word' id='word_1_99' title='bbox 622 2304 663 2350; x_wconf 89' lang='lat' dir='ltr'>est</span> <span class='ocrx_word' id='word_1_100' title='bbox 672 2297 757 2364; x_wconf 82' lang='lat' dir='ltr'>janua</span> <span class='ocrx_word' id='word_1_101' title='bbox 769 2296 837 2356; x_wconf 72' lang='lat' dir='ltr'>vite,</span> 
     </span>
     <span class='ocr_line' id='line_1_18' title="bbox 179 2388 806 2458; baseline 0 -16"><span class='ocrx_word' id='word_1_102' title='bbox 179 2388 279 2443; x_wconf 76' lang='lat' dir='ltr'>Tristis</span> <span class='ocrx_word' id='word_1_103' title='bbox 290 2389 337 2458; x_wconf 89' lang='lat' dir='ltr'>qui</span> <span class='ocrx_word' id='word_1_104' title='bbox 349 2397 425 2444; x_wconf 77' lang='lat' dir='ltr'>curat</span> <span class='ocrx_word' id='word_1_105' title='bbox 437 2390 541 2452; x_wconf 82' lang='lat' dir='ltr'>sunere,</span> <span class='ocrx_word' id='word_1_106' title='bbox 556 2391 639 2444; x_wconf 87' lang='lat' dir='ltr'>tristis</span> <span class='ocrx_word' id='word_1_107' title='bbox 651 2391 734 2443; x_wconf 90' lang='lat' dir='ltr'>homo</span> <span class='ocrx_word' id='word_1_108' title='bbox 747 2397 788 2444; x_wconf 90' lang='lat' dir='ltr'>est</span> <span class='ocrx_word' id='word_1_109' title='bbox 800 2411 806 2442; x_wconf 75' lang='grc' dir='ltr'><strong>ι</strong></span> 
     </span>
     <span class='ocr_line' id='line_1_19' title="bbox 141 2485 760 2555; baseline -0.002 -15"><span class='ocrx_word' id='word_1_110' title='bbox 141 2485 276 2541; x_wconf 87' lang='lat' dir='ltr'>Discurrit</span> <span class='ocrx_word' id='word_1_111' title='bbox 289 2494 373 2540; x_wconf 76' lang='lat' dir='ltr'>totam</span> <span class='ocrx_word' id='word_1_112' title='bbox 387 2487 527 2540; x_wconf 85' lang='lat' dir='ltr'>venaticus</span> <span class='ocrx_word' id='word_1_113' title='bbox 539 2487 584 2540; x_wconf 92' lang='lat' dir='ltr'>ille</span> <span class='ocrx_word' id='word_1_114' title='bbox 596 2504 644 2555; x_wconf 88' lang='lat' dir='ltr'>per</span> <span class='ocrx_word' id='word_1_115' title='bbox 657 2488 760 2549; x_wconf 88' lang='lat' dir='ltr'>urbem,</span> 
     </span>
    </p>

    <p class='ocr_par' dir='ltr' id='par_1_12' title="bbox 142 2583 984 3024">
     <span class='ocr_line' id='line_1_20' title="bbox 178 2583 794 2653; baseline -0.003 -17"><span class='ocrx_word' id='word_1_116' title='bbox 178 2583 227 2638; x_wconf 87' lang='lat' dir='ltr'>Ille</span> <span class='ocrx_word' id='word_1_117' title='bbox 239 2583 299 2651; x_wconf 90' lang='lat' dir='ltr'>quis</span> <span class='ocrx_word' id='word_1_118' title='bbox 312 2590 429 2652; x_wconf 79' lang='lat' dir='ltr'>oegrotat,</span> <span class='ocrx_word' id='word_1_119' title='bbox 445 2584 505 2651; x_wconf 89' lang='lat' dir='ltr'>quis</span> <span class='ocrx_word' id='word_1_120' title='bbox 518 2584 695 2652; x_wconf 87' lang='lat' dir='ltr'>moriturque,</span> <span class='ocrx_word' id='word_1_121' title='bbox 711 2590 794 2653; x_wconf 86' lang='lat' dir='ltr'>rogat.</span> 
     </span>
     <span class='ocr_line' id='line_1_21' title="bbox 142 2677 984 2747; baseline 0.001 -17"><span class='ocrx_word' id='word_1_122' title='bbox 142 2677 236 2739; x_wconf 87' lang='lat' dir='ltr'>Curre,</span> <span class='ocrx_word' id='word_1_123' title='bbox 252 2694 328 2744; x_wconf 89' lang='lat' dir='ltr'>puer,</span> <span class='ocrx_word' id='word_1_124' title='bbox 343 2679 479 2739; x_wconf 86' lang='lat' dir='ltr'>sonuitne,</span> <span class='ocrx_word' id='word_1_125' title='bbox 494 2695 567 2746; x_wconf 83' lang='lat' dir='ltr'>roge,</span> <span class='ocrx_word' id='word_1_126' title='bbox 582 2678 729 2747; x_wconf 81' lang='lat' dir='ltr'>campana?</span> <span class='ocrx_word' id='word_1_127' title='bbox 748 2679 872 2740; x_wconf 79' lang='lat' dir='ltr'>fenestra,</span> <span class='ocrx_word' id='word_1_128' title='bbox 983 2693 984 2700; x_wconf 56' lang='lat'>¹</span> 
     </span>
     <span class='ocr_line' id='line_1_22' title="bbox 177 2769 747 2840; baseline 0.011 -19"><span class='ocrx_word' id='word_1_129' title='bbox 177 2769 311 2822; x_wconf 90' lang='lat' dir='ltr'>Indicium</span> <span class='ocrx_word' id='word_1_130' title='bbox 324 2772 428 2833; x_wconf 87' lang='lat' dir='ltr'>mortis,</span> <span class='ocrx_word' id='word_1_131' title='bbox 443 2787 503 2838; x_wconf 84' lang='lat' dir='ltr'>quae</span> <span class='ocrx_word' id='word_1_132' title='bbox 515 2773 549 2824; x_wconf 88' lang='lat' dir='ltr'>sit</span> <span class='ocrx_word' id='word_1_133' title='bbox 561 2781 661 2840; x_wconf 77' lang='lat' dir='ltr'>aperta,</span> <span class='ocrx_word' id='word_1_134' title='bbox 677 2774 747 2827; x_wconf 88' lang='lat' dir='ltr'>vide.</span> 
     </span>
     <span class='ocr_line' id='line_1_23' title="bbox 142 2861 791 2934; baseline 0.017 -21"><span class='ocrx_word' id='word_1_135' title='bbox 142 2861 220 2914; x_wconf 80' lang='lat' dir='ltr'>Alter</span> <span class='ocrx_word' id='word_1_136' title='bbox 233 2863 312 2924; x_wconf 89' lang='lat' dir='ltr'>enirn,</span> <span class='ocrx_word' id='word_1_137' title='bbox 328 2871 432 2932; x_wconf 76' lang='lat' dir='ltr'>satagas</span> <span class='ocrx_word' id='word_1_138' title='bbox 445 2866 473 2918; x_wconf 92' lang='lat' dir='ltr'>ni</span> <span class='ocrx_word' id='word_1_139' title='bbox 485 2867 523 2918; x_wconf 89' lang='lat' dir='ltr'>sic</span> <span class='ocrx_word' id='word_1_140' title='bbox 536 2868 653 2934; x_wconf 81' lang='lat' dir='ltr'>vigilare,</span> <span class='ocrx_word' id='word_1_141' title='bbox 669 2870 791 2933; x_wconf 72' lang='lat' dir='ltr'>cadaver,</span> 
     </span>
     <span class='ocr_line' id='line_1_24' title="bbox 178 2953 774 3024; baseline 0.018 -18"><span class='ocrx_word' id='word_1_142' title='bbox 178 2953 234 3012; x_wconf 84' lang='lat' dir='ltr'>Qui</span> <span class='ocrx_word' id='word_1_143' title='bbox 245 2954 310 3006; x_wconf 89' lang='lat' dir='ltr'>mihi</span> <span class='ocrx_word' id='word_1_144' title='bbox 322 2957 461 3024; x_wconf 70' lang='lat' dir='ltr'>precipiet,</span> <span class='ocrx_word' id='word_1_145' title='bbox 477 2960 577 3023; x_wconf 89' lang='lat' dir='ltr'>vultur,</span> <span class='ocrx_word' id='word_1_146' title='bbox 589 2970 621 3015; x_wconf 87' lang='lat' dir='ltr'>et</span> <span class='ocrx_word' id='word_1_147' title='bbox 632 2963 701 3018; x_wconf 79' lang='lat' dir='ltr'>ulter</span> <span class='ocrx_word' id='word_1_148' title='bbox 713 2965 774 3018; x_wconf 89' lang='lat' dir='ltr'>erit.</span> 
     </span>
    </p>
   </div>
   <div class='ocr_carea' id='block_1_8' title="bbox 0 0 1006 3400">
    <p class='ocr_par' dir='ltr' id='par_1_13' title="bbox 0 0 1006 3400">
     <span class='ocr_line' id='line_1_25' title="bbox 0 0 1006 3400; baseline 0 2"><span class='ocrx_word' id='word_1_149' title='bbox 0 0 1006 3400; x_wconf 95' lang='lat' dir='ltr'> </span> 
     </span>
    </p>
   </div>
  </div>
 </body>
</html>
