1994 3398
262 157 434 195 serranum!
454 160 483 196 ns
503 160 608 196 cannas.
786 147 835 202 137

41 293 106 354 Quae
116 294 215 348 dubios
227 302 352 363 regerent
365 311 466 364 passus,
482 297 594 366 vestigia
605 305 665 352 tuta

39 389 107 444 Fixit
118 391 253 446 inoffenso
265 409 378 462 gressu;
397 394 571 464 gelidumque
583 396 668 450 sedile

39 485 68 538 ln
80 487 156 540 nudo
169 494 264 542 nactus
276 505 350 551 saxo,
365 505 419 558 qua
430 491 651 558 praetereuntium

38 581 117 636 Unda
127 581 257 652 frequens
268 585 407 648 confluxit,
419 585 456 639 ibi
468 585 626 656 miserisque
639 587 764 642 tenebras

38 678 184 743 Lamentis,
199 681 363 752 noctemqire
375 682 460 736 oculis
472 683 586 751 ploravit
595 684 726 737 obortam.

37 774 155 830 Ploravit
167 793 219 830 nec
230 777 341 840 frustra,
362 779 472 834 obolum
485 779 559 832 dedit
571 779 638 834 alter
651 786 679 833 et
690 779 766 842 alter,

38 871 122 933 Queis
133 874 217 927 corda
228 881 256 927 et
268 881 388 930 mentem
399 874 532 930 indiderat
545 883 642 930 natura
651 875 803 944 benignam.

37 970 78 1022 Ad
90 969 164 1024 latus
176 970 279 1024 interea
286 971 361 1042 jacui
372 972 477 1042 sopitus
489 972 582 1035 herile,

35 1065 83 1119 Vel
94 1066 192 1120 mediis
204 1067 268 1136 vigil
280 1068 308 1122 in
320 1068 438 1129 somnis;
458 1068 492 1122 ad
501 1068 595 1122 herilia
602 1067 680 1138 jussa

35 1166 180 1234 Auresque
191 1170 274 1234 atque
285 1165 406 1218 animum
418 1171 548 1228 arrectus,
560 1181 611 1218 seu
622 1163 739 1220 frustula
747 1163 833 1218 amice

35 1259 160 1314 Porrexit
171 1261 311 1330 sociasque
324 1261 414 1331 dapes,
429 1277 478 1314 seu
490 1260 572 1330 longa
583 1260 637 1316 diei

36 1355 126 1410 'Pedia
136 1371 288 1426 perpessus,
303 1357 421 1410 reditum
433 1357 484 1411 sub
496 1362 578 1410 nocte
589 1357 706 1424 parabat.

68 1451 106 1506 Hi
118 1468 217 1515 mores,
234 1450 289 1506 haec
302 1453 358 1506 vita
367 1451 428 1516 fuit,
444 1452 510 1505 dum
523 1451 578 1505 sata
590 1451 722 1514 sinebant,

34 1549 105 1603 Dnm
119 1566 210 1618 neque
221 1549 382 1618 languebam
394 1548 502 1610 morbis,
517 1565 568 1602 nec
580 1547 667 1601 inerte
677 1555 794 1608 senecta,

36 1647 101 1708 Quae
112 1647 224 1702 tandem
237 1647 364 1717 obrepsit,
379 1648 519 1717 veterique
531 1647 646 1700 satellite
655 1662 755 1700 cecum

34 1745 145 1800 Orbavit
158 1745 313 1800 dominum:
332 1746 414 1814 prisci
425 1745 474 1800 sed
482 1745 568 1814 gratia
578 1743 642 1798 facti

33 1841 74 1896 Ne
85 1849 145 1897 tota
153 1843 278 1905 intereat,
290 1843 387 1911 longos
395 1842 484 1895 deleta
496 1857 544 1910 per
556 1857 651 1902 annos,

32 1939 169 2010 Exiguum
182 1940 256 1994 bunc
270 1939 331 1994 Irus
339 1939 477 1994 tumulum
490 1939 525 1992 de
536 1937 638 2006 cespite
648 1936 721 1999 fecit,

32 2035 90 2092 Etsi
101 2037 198 2107 inopis,
213 2054 270 2091 non
282 2037 399 2106 ingrata,
415 2037 578 2090 munuscula
587 2035 704 2096 dextrae;

34 2133 158 2188 Carmine
169 2134 339 2204 signavitque
350 2133 434 2198 brevi,
449 2133 645 2200 dominumque
657 2148 805 2202 canemque

35 2229 115 2292 Quod
134 2238 276 2295 memoret,
300 2231 438 2301 fidumque
459 2246 554 2284 canem
571 2230 766 2298 dominumque
782 2229 829 2283 be·

98 2343 221 2397 mgnum.
