2002 3400
429 145 481 193 295

169 352 211 405 IN
231 347 440 404 El'FOSSUM
461 341 744 404 SEPULCHRUM‘

125 481 242 548 Vmor,
258 503 292 540 en
304 484 310 539 l
331 486 445 547 defesse,
461 492 488 538 et
500 484 569 537 infra
581 483 691 551 despice·

161 583 228 637 Vitae
240 583 348 651 viaeque
360 580 524 635 terminum!

124 673 348 740 Vide‚·laboriose
359 694 414 747 quo
428 677 547 746 vestigia,

160 775 232 836 Huc,
248 773 329 829 eccel
349 775 468 828 tendunt
480 771 587 827 omniol

123 959 285 1018 Distanticm
298 963 426 1018 observal
448 965 509 1017 vide
522 980 602 1032 quam
615 963 650 1016 sil
662 977 755 1031 prope,

159 1060 333 1115 Profunditas
346 1062 391 1114 vix
404 1078 453 1114 sex
464 1062 565 1128 pedum
577 1081 583 1120 ;

122 1150 255 1211 Mensura
267 1157 311 1210 vix
323 1156 395 1209 ultra
406 1163 490 1218 luam,
502 1173 519 1208 a
529 1155 666 1210 laboribus

159 1251 254 1306 Brevis
266 1252 300 1305 cd
312 1252 432 1320 quietem
446 1260 487 1307 est
497 1253 635 1307 transitus.

122 1439 183 1496 Nec
195 1442 295 1495 indicat
304 1442 393 1496 solum
406 1443 458 1496 hoc
470 1444 653 1512 sepulchrum,
668 1447 717 1499 sed
728 1462 825 1515 graves

159 1538 331 1607 Quocunque
343 1538 391 1591 tihi
404 1545 501 1592 sonant
514 1539 605 1606 pedem

121 1631 253 1688 Mensura
265 1635 384 1702 corporis
397 1634 438 1687 lui
449 1634 541 1688 locum
554 1636 634 1698 dabit,

157 1728 297 1797 Sperando
308 1746 363 1797 quo
376 1730 427 1783 siet
440 1730 526 1799 quies.

120 1920 260 1974 Patienter
270 1938 344 1990 ergo,
359 1923 414 1976 vito
425 1939 487 1991 quae
498 1923 552 1977 sert
564 1921 653 1987 raedia.

157 2018 230 2080 Hoc,
245 2017 341 2086 perfer,
357 2019 409 2072 hoc
422 2020 590 2089 recolligens,

118 2113 173 2166 Vix
185 2129 253 2174 esse,
269 2113 314 2166 vix
326 2107 487 2182 perlon'gum
499 2115 559 2178 iter,
574 2117 619 2169 cui
631 2117 763 2170 terminos

156 2209 216 2264 Nec
228 2210 272 2263 hic
286 2227 337 2264 nec
348 2211 453 2278 uspiam
467 2211 552 2266 deest.

274 2412 404 2467 AMIcA
425 2413 626 2469 SILENTIA.

33 2551 86 2608 Ur
102 2553 184 2606 sedet
196 2551 224 2604 in
237 2549 331 2614 trivio,
343 2547 442 2621 linguae
453 2552 501 2621 qui
511 2552 628 2620 perdidit
641 2568 730 2614 usum,

77 2651 141 2703 Ore
153 2647 252 2715 stipem
264 2653 359 2700 mesto
371 2642 474 2716 colligit
486 2648 544 2701 aeris
557 2647 644 2716 inops.

31 2745 156 2801 Iudiciis
168 2745 300 2813 populum
314 2744 397 2798 mutis
408 2744 513 2806 affatur,
529 2751 556 2797 et
569 2752 627 2797 orat

78 2843 230 2896 Immemor
244 2847 274 2894 ut
287 2841 355 2894 nolit
367 2841 526 2909 praeteriisse
536 2841 586 2894 sui.

30 2941 109 2995 Non
123 2938 246 3006 potuisse
257 2939 333 3007 loqui
341 2938 397 3008 jam
410 2937 528 2992 creditur
541 2936 608 2990 utile
621 2945 715 2997 muto;

78 3035 151 3088 Tem
165 3034 235 3088 bene
247 3050 298 3088 nec
311 3039 417 3102 poterat
428 3032 520 3100 lingua
533 3031 576 3084 vel
588 3032 644 3099 ipsc
655 3031 738 3099 loqui.
