1986 3398
185 569 227 622 IN
247 566 435 622 EDICTUM
455 567 574 621 REGIS
596 566 768 622 GEORGii
789 567 957 622 SECUNDI

227 703 278 756 DE
300 699 558 755 RECUDENDIS
580 699 741 754 NUMMIS
763 698 919 753 Auuuis.
987 735 988 750 2

173 898 275 951 Aurei
287 897 381 950 Jacobi
394 896 486 949 vultus
499 903 528 948 et
539 896 651 948 nomina
662 895 746 964 gessit

209 993 333 1054 Lumina
354 994 402 1047 sed
414 994 497 1062 longo
506 992 562 1062 jam
573 1000 684 1046 tenuata
697 992 750 1045 die.

173 1090 282 1144 Scilicet
292 1105 388 1142 exesas
401 1088 498 1158 injuria
511 1088 640 1155 temporis
653 1104 713 1140 oras

209 1186 314 1241 Sensim
328 1186 450 1246 corrosit,
465 1185 647 1253 diminuitque
658 1185 738 1237 latus.

172 1283 223 1335 Vix
236 1289 310 1350 patet
323 1282 387 1335 huic
400 1289 546 1349 sceptrum,
562 1281 607 1333 rix
620 1281 683 1334 huic
696 1281 873 1346 distinguitur
886 1281 959 1340 orbis,

158 1425 160 1430 .
208 1379 372 1448 Inscriptum
385 1378 457 1432 haud
467 1378 505 1431 illi
517 1379 617 1431 lemma
629 1378 721 1431 videre
733 1378 805 1431 iicet.

173 1479 216 1532 Ne
229 1478 304 1531 valor
316 1483 344 1529 et
356 1475 463 1543 pondus
476 1474 634 1527 decrescere
645 1481 771 1542 pergeret
780 1473 859 1534 ultra,

208 1574 281 1627 Huic
294 1588 404 1641 quoque
416 1570 540 1639 praecavit
553 1571 626 1638 regia
638 1587 703 1623 cura
716 1569 794 1622 mulo.

172 1670 270 1725 Edicto
282 1668 376 1722 incudi
388 1668 487 1721 detrita
498 1666 663 1720 numismata
673 1666 751 1719 reddi

206 1767 301 1829 Jussit,
316 1772 344 1820 et
357 1764 471 1834 effigiem
484 1764 555 1818 serre
567 1780 662 1816 recusa
675 1779 782 1816 novam.

173 1866 232 1920 Nec
241 1873 333 1918 tumen
346 1863 434 1916 amitti
447 1864 521 1916 dices
531 1880 594 1916 cum
607 1863 718 1915 nomine
730 1862 859 1921 formam

207 1960 258 2014 Est
271 1969 298 2013 et
310 1958 399 2011 adhuc
413 1959 516 2021 vultus,
531 1958 578 2026 qui
589 1956 706 2025 pretiosa
717 1955 790 2009 iacit.

273 2477 377 2532 PONS
399 2476 884 2540 WESTMONASTERIENSIS«

173 2687 285 2751 Trursr,
301 2687 404 2758 regales
419 2688 466 2758 qui
477 2686 671 2757 preterlaberis
682 2702 767 2748 arces,

209 2788 298 2847 Quam
310 2807 340 2842 se
352 2789 533 2858 magnificum,
549 2788 666 2856 suspice,
680 2786 752 2842 tollit
764 2782 847 2854 opusi

173 2881 285 2940 Quanto
298 2901 361 2936 cum
373 2885 443 2936 saxis
456 2884 613 2936 coalescunt
625 2883 748 2951 pondere
761 2879 841 2936 saxu!

212 2973 275 3031 Quo
289 2991 362 3025 nexu
375 2974 534 3026 incumbens
547 2979 665 3030 sustinet
678 2995 759 3031 arcus
772 2974 858 3030 onus!
