1994 3398
182 471 385 528 SOLITUDO
406 472 531 528 REGIA
551 472 921 530 RICHMONDIENSIS.

293 685 385 743 Srnurs
398 687 501 755 uspiam
514 687 639 757 angulus.

221 781 272 836 Vel
284 782 311 835 in
325 799 434 837 recessu
448 783 562 854 sylvulae
574 784 618 839 vel
630 783 702 838 horti

294 880 439 934 Solitudini
451 889 543 942 vacet;

223 976 272 1039 Sit,
287 993 304 1030 ο
316 975 323 1030 1
343 977 378 1030 sit
390 977 451 1040 illic,
466 977 572 1047 hospita
584 980 634 1033 sub
645 979 748 1040 umbra,

294 1073 378 1128 Grata
390 1075 498 1144 regibus
511 1076 595 1144 quies.

223 1170 280 1223 Sub
292 1169 342 1223 hae
355 1186 499 1240 parumper
511 1188 608 1240 agmen
623 1171 773 1226 aulicorum

294 1264 389 1335 Usque
402 1272 430 1320 et
442 1283 530 1336 usque
542 1267 703 1337 supplicum,

223 1362 281 1416 Sub
293 1362 343 1416 hac
353 1362 480 1417 molestas
492 1364 686 1433 gratulationes
748 1415 757 1438 ,

296 1458 499 1514 Confluentium
512 1461 633 1536 undique

224 1556 403 1627 Refugerint:
423 1563 482 1611 turn
496 1559 585 1612 verius
598 1559 677 1621 beati,

297 1654 413 1716 Quando
426 1655 534 1710 tedium
547 1654 642 1724 imperi

226 1753 405 1815 Semoverint‚
421 1770 546 1822 onusque
558 1754 701 1823 dignitatis.

297 1849 408 1904 Grande
419 1851 485 1921 quid
497 1851 541 1905 vel
555 1867 668 1905 aureum

224 1945 427 2014 Conspexeris?
445 1963 496 2000 nee
509 1946 637 2009 illudent,
653 1964 704 2000 nen
715 1947 790 2009 illud,

298 2041 437 2110 Principes
450 2042 523 2111 quod
536 2050 649 2112 augeat:

226 2139 376 2194 Prudentia
386 2139 434 2194 sed
448 2140 500 2194 rite
511 2145 692 2208 temperatum

297 2236 405 2299 Pectus,
421 2243 449 2290 at
461 2235 504 2289 sui
516 2242 613 2304 potens

228 2333 353 2401 Augusta
365 2349 451 2394 mans,
464 2331 538 2395 felix,
553 2332 662 2386 abunde
672 2331 746 2394 felix,

300 2428 332 2482 In
345 2429 452 2484 silentio
464 2447 540 2484 ease.

228 2524 286 2578 Nec
299 2524 349 2588 his,
365 2525 473 2594 superbi
485 2541 554 2594 qnos
563 2525 660 2595 juvant
672 2525 816 2588 turnultus,

300 2620 423 2675 invidete
435 2621 574 2675 cellulam:

228 2717 371 2779 Fruuntur,
386 2733 492 2786 equum
506 2723 555 2779 est,
569 2716 620 2770 hec
632 2716 707 2770 brevi
719 2715 819 2784 quiete,

301 2812 420 2880 Otioque
432 2811 553 2881 simplici,

229 2906 322 2959 Salute
334 2891 381 2974 qui
393 2924 441 2975 pro
454 2908 553 2961 civium
565 2908 695 2961 laborant.
