1986 3398
192 177 299 214 rnuxus
318 177 353 212 rr
373 177 518 214 nrrnnxus
539 179 632 223 unius,
654 178 714 214 erc.
813 164 861 219 197

49 317 171 380 Oceani,
186 327 326 388 pontoque
339 338 434 374 omnes
449 321 564 374 effundit
576 321 693 374 habenas
706 342 713 381 ;

48 413 210 466 Subsidunt
222 414 337 468 humiles
350 417 437 479 unde,
453 417 608 486 refugoque
621 418 792 471 recumbunt.

88 509 153 562 Neo
166 509 234 562 nihil
246 510 357 573 interea,
373 513 420 580 qui
433 513 522 566 lueida
534 513 588 566 tela
600 513 654 566 diei

48 604 171 673 Spargit,
187 612 215 658 et
226 613 346 673 aspectat
359 614 443 660 terras
456 608 497 660 sol
509 608 611 661 arduus
623 624 726 670 omnes,

47 703 183 756 Emotam
196 704 287 756 turbat
303 703 423 773 Tethyn,
439 704 577 772 agitatque
590 711 751 758 tumentem.

48 799 177 869 Cynthia
188 815 251 852 oum
262 800 351 854 fratris
366 801 445 855 radiis
458 802 576 854 obnoxia
587 802 668 869 pleno

47 895 130 950 Orbe
142 895 206 958 coit,
222 912 272 949 seu
285 912 348 949 cum
360 896 500 964 praeacutis
515 897 642 950 cornibus
655 896 712 958 ibit,

46 991 177 1048 Cernere
189 992 241 1046 erit
252 1009 351 1062 magno
364 1010 482 1047 marmor
495 995 630 1062 trepidare
647 995 767 1047 tumultu
780 1016 785 1045 :

46 1092 98 1153 At,
116 1091 139 1143 si
152 1090 257 1144 dilecta
267 1091 369 1158 lampas
385 1091 501 1145 Phoebea
513 1091 613 1144 sororis

46 1187 201 1240 Dimidium
212 1192 315 1254 partem
329 1188 457 1240 candenti
469 1188 572 1240 lumine
585 1187 665 1255 tingit
676 1208 683 1246 ;

45 1281 187 1335 Paulatim
201 1298 261 1336 sese
274 1283 383 1341 tollens,
398 1300 472 1336 mare
485 1284 588 1336 tardius
601 1289 696 1336 aestum

46 1377 201 1432 Provolvet
215 1394 344 1446 segnem:
365 1379 406 1432 sin
415 1379 473 1448 jam
487 1379 611 1446 pervenit
623 1386 747 1446 uterque,

46 1475 116 1535 Qua
130 1473 213 1527 Libra
226 1482 329 1544 aequatn
343 1475 497 1528 discrimine
511 1475 606 1528 dividit
618 1477 720 1536 orbem,

45 1571 192 1624 Continuo
205 1571 238 1623 ad
251 1571 349 1624 caelum
362 1587 487 1624 convexo
499 1571 606 1639 gurgite
617 1570 706 1624 fertur

46 1667 147 1720 Ardua
159 1667 299 1735 congeries
312 1667 408 1735 pelagi,
424 1673 451 1720 et
465 1667 532 1720 vada
545 1683 657 1736 spumea
669 1672 796 1732 crescunt

45 1763 122 1816 Cum
135 1764 245 1823 sonitu;
266 1763 342 1816 nullo
356 1769 462 1816 tantum
475 1779 505 1816 se
518 1763 627 1815 turbine
642 1763 748 1815 Nereus

43 1859 148 1921 lactat,
164 1865 192 1911 et
206 1859 262 1927 ipsa
274 1875 338 1932 suas
351 1859 484 1912 mirantur
496 1859 593 1912 caerula
605 1858 685 1911 vires.

82 1954 196 2009 Scilicet
208 1954 257 2008 has
268 1955 344 2022 leges
358 1961 461 2018 natura,
478 1962 505 2008 et
517 1955 616 2008 soedera
628 1955 700 2008 lunae

44 2050 193 2119 Imposuit,
211 2051 350 2120 solemque
360 2052 443 2114 dedit,
458 2052 507 2119 qui
518 2058 640 2119 tempore
653 2057 729 2104 certo

43 2145 82 2199 Et
96 2151 242 2213 premeret,
258 2146 337 2200 maris
351 2154 378 2199 et
392 2154 499 2200 montes
513 2147 642 2200 educeret
654 2146 732 2200 altos.

44 2241 84 2296 Ni
97 2241 210 2303 faceret,
223 2241 278 2295 late
290 2242 393 2295 nircum
405 2258 436 2295 se
448 2241 592 2295 immobilis
605 2241 703 2295 humor

43 2339 192 2392 Sterneret
205 2338 233 2389 in
246 2354 349 2391 morem
362 2339 458 2407 stagni,
474 2340 658 2407 obscoenaeque
670 2339 784 2407 paludis.

40 2434 117 2493 Jam,
125 2432 183 2500 jam
192 2432 266 2485 nulla
273 2450 349 2486 mora
359 2442 400 2487 est
409 2435 524 2495 ratibus;
538 2451 613 2488 nuno
626 2435 741 2504 Angliea
750 2435 849 2498 classis,

45 2531 242 2597 Aurarumque
253 2529 327 2584 leves
339 2530 449 2592 animas,
465 2538 493 2583 et
504 2531 612 2584 flamina
624 2538 742 2598 captans,

42 2627 59 2679 J
62 2642 114 2680 ura
127 2627 173 2679 dat
186 2642 304 2688 oceano;
323 2628 455 2696 littusque
467 2627 575 2681 affectat
589 2628 687 2690 Eoum,

43 2723 151 2776 indiam
165 2721 192 2774 in
208 2721 344 2791 Europam
357 2730 467 2792 portans
478 2745 484 2784 ;
504 2740 579 2776 nunc
591 2722 690 2777 labitur
702 2723 779 2778 alveo

44 2819 161 2873 Insolito
177 2818 294 2888 Gangen,
313 2820 509 2888 Themesisque
521 2820 542 2874 it
555 2819 679 2874 turbidus
692 2837 767 2873 auro.

199 2980 374 3045 Cantabrigiae,
387 2983 413 3031 in
426 2983 540 3030 Comitiis
553 2981 686 3047 prioribus,
699 2981 816 3030 1719-20.

698 3104 711 3139 s
724 3092 740 3138 3
