1982 3422
523 121 577 174 282

216 307 416 365 EPILOGUS
438 308 585 364 LESBIAE
608 308 886 364 OBSTETRICIS.

151 445 285 497 Auorsrrs
297 449 399 511 quanto
413 443 530 496 clamore
540 459 682 512 puerpera,
695 443 772 497 Juno

187 539 298 603 Lucina,
313 539 365 612 ohli
386 540 497 602 miserae,
512 539 552 593 ier
565 540 640 602 mihi,
655 541 730 602 dixit,
747 557 841 610 opem.

151 637 200 690 llla
212 653 263 705 ego
277 653 338 690 sum
351 636 510 690 Juno-sed
522 653 578 690 non
592 637 627 690 de
638 637 718 705 plebe
729 637 867 700 ministra,

187 732 289 793 Quales
304 733 421 786 Lucinas
433 734 539 788 viculus
551 734 639 786 omnis
652 733 740 786 hahet.

151 829 197 882 Nil
209 829 306 896 loquor
318 827 464 896 impurum,
479 828 523 882 vel
535 830 643 882 subnuo
656 829 782 896 turpius;
802 828 858 882 ista

186 924 316 993 Vulgares
328 924 441 987 animos,
456 925 660 992 degeneresque
668 925 778 994 juvent.

151 1021 252 1074 Oscula
264 1020 395 1089 siquando
407 1020 570 1088 permittam,
585 1020 697 1073 admitto
710 1021 829 1088 pudioe;

185 1116 224 1169 Ut
237 1116 317 1169 decet
328 1116 459 1168 humanas
469 1116 656 1184 ingenuasque
669 1133 763 1168 nurus.

151 1212 180 1266 Si
188 1213 254 1281 quid
265 1211 336 1266 forte
348 1213 445 1274 bibam,
461 1212 576 1282 cyathus
588 1212 655 1265 mihi
667 1211 766 1264 sufficit
780 1229 865 1274 unus,

185 1306 288 1362 Pollice
299 1308 345 1360 vix
357 1307 557 1377 major.-Fors
569 1308 712 1376 aliquando
725 1307 791 1360 duo.

150 1403 285 1456 Incolumi
297 1410 383 1456 matre
393 1410 421 1457 et
433 1403 513 1464 salva,
529 1419 591 1456 mea
603 1403 725 1470 proxima
736 1419 804 1456 cura
816 1412 862 1456 est

186 1498 321 1552 Infantem
332 1499 424 1566 primis
437 1500 557 1552 vestibus
567 1499 689 1553 induere.

151 1596 266 1650 Adsidet
278 1596 312 1648 ad
325 1595 457 1656 cubitum,
474 1594 640 1664 Glycerique
658 1594 784 1648 Archillis
797 1597 903 1650 ocellos

186 1690 292 1744 lntuitu
304 1691 391 1759 primo
404 1690 499 1744 callida
510 1691 598 1744 cernit
610 1707 694 1744 anns:

150 1788 462 1856 Parvaqueoomponens
469 1787 581 1854 magnis,
593 1787 719 1848 frontem,
732 1788 837 1850 oscula,
848 1805 950 1850 nasum,
983 1855 984 1860 ἵ

187 1884 261 1944 Quid
273 1883 355 1951 patris
368 1883 498 1951 explorat,
513 1883 578 1950 quid
591 1883 724 1936 referatur
732 1883 785 1936 avi.

150 1981 294 2050 Tergaque
325 1980 492 2042 demulcens,
521 1980 673 2033 Hominum
705 1988 747 2034 est
779 1981 950 2040 sevissimus,

254 2079 350 2147 inquit,

186 2172 255 2227 ‘l'am
266 2174 406 2242 pulchram
419 2174 518 2241 poterit
531 2173 578 2242 qui
588 2173 688 2226 violare
700 2173 795 2226 entim.

150 2269 248 2324 Delirae
261 2269 317 2323 haec
330 2270 401 2323 inter
413 2270 526 2323 nutricis
539 2270 651 2332 somnia,
666 2270 754 2338 majus

186 2365 273 2433 Urget
285 2381 353 2433 opus
365 2365 447 2430 longe
458 2382 512 2426 me,
524 2365 688 2434 graviorque
699 2365 791 2425 labor,

151 2461 268 2530 Cingere
279 2460 395 2515 fasciolis
408 2468 526 2522 teneros,
542 2478 593 2514 neo
607 2461 719 2522 duriter,
733 2469 821 2523 artus,

187 2559 223 2612 Et
232 2559 338 2629 justum
350 2559 384 2612 ad
396 2557 537 2612 modulum
550 2558 653 2627 fingere
665 2557 748 2612 molle
760 2567 855 2628 caput.

151 2654 248 2708 Cautio
261 2671 311 2708 neo
323 2654 390 2708 levis
404 2661 453 2716 est,
468 2653 561 2706 multis
573 2654 608 2708 de
621 2653 738 2706 millibus
746 2669 804 2707 una

186 2751 230 2802 Ne
242 2750 353 2802 minimo
366 2749 496 2802 infantem
510 2749 623 2804 vulnere
635 2754 738 2818 pungat
750 2766 827 2803 acus.

116 2890 118 2894 .
151 2845 204 2896 Sed
217 2860 268 2894 nec
280 2844 368 2897 adhuc
381 2853 468 2898 cessat
480 2846 547 2898 mihi
555 2863 638 2906 cnra;
659 2861 793 2914 puerpera
807 2857 897 2902 mater

186 2934 264 2996 Saepe
277 2935 417 2988 revisenda
431 2946 480 2999 est,
497 2945 524 2991 et
539 2940 605 2992 mihi
618 2956 687 3008 sape
700 2957 777 3006 puer.
