1994 3398
409 700 589 756 Mnulssn.

132 913 230 974 Hunc,
248 911 348 976 Marce,
363 928 426 966 cum
439 912 556 965 ducetur
569 923 646 972 uxor,
661 905 730 975 elige

172 1009 331 1080 Mensaeque
342 1015 498 1064 consortem
511 1016 539 1064 et
550 1009 619 1062 tori:

134 1107 216 1161 Bene
227 1107 347 1161 moribus
359 1113 470 1170 morata,
485 1124 545 1177 quoe
555 1107 643 1162 forma
654 1108 751 1178 placet,
827 1127 831 1136 ’

173 1203 234 1258 Nec
247 1204 311 1258 dote
323 1203 432 1258 dotetur
447 1203 535 1258 nimie.

134 1301 205 1356 Non
217 1300 334 1355 elaborat
346 1301 399 1364 illa,
414 1302 449 1356 de
462 1301 506 1356 die
518 1302 547 1355 in
558 1303 639 1365 diem,

173 1399 212 1452 Se
223 1398 325 1469 fingere
338 1407 365 1453 et
381 1399 529 1469 refinger03

133 1494 287 1549 Vultumve
298 1495 405 1550 curiose
416 1496 499 1550 sumit
512 1495 609 1552 artifex

175 1591 221 1646 Ab
233 1591 291 1654 hec,
306 1592 340 1645 ab
352 1591 397 1646 illu
408 1592 518 1662 pyxide.

135 1688 202 1743 Nee
212 1687 374 1742 dislocandis
386 1694 414 1742 et
425 1687 546 1743 locandis
560 1688 687 1750 crinibus,

177 1783 255 1845 Quos
267 1783 366 1838 iterum
378 1790 406 1838 et
418 1783 518 1838 iterum
530 1782 652 1845 diducet,

136 1880 270 1937 Abeumit
281 1880 368 1943 hores,
383 1897 466 1936 unum
478 1880 627 1949 ineptulem
639 1880 769 1936 reiculam

174 1977 330 2048 Deciesque
341 1977 427 2050 figens
440 1985 468 2032 et
480 1993 602 2034 movens.

135 2075 202 2130 Nec
214 2074 345 2128 exuendis
357 2074 502 2129 induendis
515 2075 643 2138 vestibus,

175 2171 292 2226 nivern
303 2179 353 2235 ter,
368 2179 410 2226 ter
422 2156 547 2235 uncum,

134 2271 225 2325 Juber
237 2269 328 2324 evehit
339 2286 403 2324 eum
416 2269 542 2332 Phoebus,
558 2276 661 2324 etcum
674 2268 790 2330 devehit,

177 2366 302 2422 Mutetur
315 2376 342 2421 et
355 2367 511 2423 mutabitur.

138 2465 203 2519 Nec
215 2463 347 2518 visitando
360 2464 449 2533 pulsat
461 2463 509 2518 hes
522 2470 549 2517 et
562 2463 609 2519 has
621 2462 704 2526 iores,

131 2573 140 2592 ¹
178 2560 217 2614 Ut
230 2568 319 2631 portet
331 2562 517 2632 importunum
530 2577 588 2620 uve.

139 2660 234 2716 Meam
247 2660 399 2730 inquietans
412 2666 440 2714 et
452 2667 527 2714 tuam
540 2659 664 2713 viciniam

178 2759 290 2827 Ineptiis
303 2766 331 2812 et
343 2759 409 2814 otio.

138 2859 171 2912 Si
184 2855 255 2910 forte
267 2857 412 2925 spectatrix
425 2855 537 2911 theatris
550 2856 670 2914 interest,

177 2951 229 3019 (Et
242 2951 353 3007 interest
369 2952 513 3017 rarissime)
