2002 3400
257 173 370 210 suiuus
389 173 514 218 coccum,
535 171 595 210 sue.
776 155 828 214 277

28 313 101 366 Ecce
114 311 185 366 idem
198 312 232 365 ud
244 328 340 366 zonam
353 311 433 365 tinnit
446 311 513 366 mihi
524 310 615 366 cultus
627 309 720 370 anilist

64 409 141 462 Idem
154 410 181 460 in
194 409 293 462 turrito
306 409 408 462 vertice
420 415 499 462 nutet
511 424 589 476 apex.

29 504 133 571 Torpet
144 504 217 556 iners
229 503 306 556 venis
319 504 468 557 etiamnum
480 504 605 572 sanguis;
626 503 654 556 in
667 518 715 557 ore

64 601 124 653 Nec
137 600 203 653 mihi
215 599 335 667 pullinus
349 601 424 664 deus,
440 617 530 669 neque
542 600 707 654 denticulus.

28 697 117 764 Inque
128 713 212 764 genas
224 697 306 750 subiit
318 697 384 749 mihi
396 697 467 765 pilus
480 703 508 750 et
519 697 588 750 alter
600 703 628 749 et
640 697 716 758 alter,

64 792 135 846 Lilia
145 809 213 861 quas
225 793 345 854 memini,
362 809 428 861 quas
441 790 583 846 decorisse
595 809 678 846 rosus.

28 888 89 940 Ncc
101 894 192 940 tamen
206 887 302 940 incuso
317 886 430 948 Paucum
451 904 502 940 nec
515 887 656 955 questibus
668 886 746 956 oegris

64 983 179 1050 lngemo
192 983 348 1036 damnosam
362 999 406 1036 me
418 983 550 1037 minuisse
562 983 642 1037 diem.

26 1077 169 1133 Restituet
180 1078 268 1132 laetum
281 1079 346 1130 mihi
359 1079 445 1147 gratia
457 1086 547 1132 vestra
556 1080 698 1148 juventam
710 1101 716 1130 ι

65 1174 192 1232 Plaudite
204 1192 253 1229 vos
264 1174 529 1230 faciles-Canthara
540 1191 596 1230 ncn
608 1191 677 1230 anus
690 1181 740 1228 est.

306 1839 481 1874 —uutnns
500 1838 616 1874 DOLORH

237 1933 384 1968 messivis.

24 2111 166 2165 Cuneus:
179 2107 271 2162 clausu
282 2107 360 2176 nigro
373 2107 439 2159 dum
450 2106 498 2160 flet
514 2105 671 2168 Philomela,
687 2103 835 2159 nefandum

62 2205 184 2274 Ingenio
197 2203 294 2272 prodit,
310 2202 383 2270 quod
396 2200 491 2268 nequit
503 2217 559 2263 ore,
574 2200 673 2284 scelus.

23 2305 138 2358 Tereos
151 2299 249 2354 incesti
262 2298 383 2366 depingit
395 2297 490 2351 callida
501 2298 603 2352 crimen

61 2398 154 2450 Veste
166 2411 258 2463 super,
273 2395 354 2446 docte
366 2408 447 2461 quam
460 2392 571 2445 variavit
583 2409 643 2445 acu.

23 2493 107 2556 Quid
121 2507 180 2545 non
193 2506 273 2558 posse
285 2495 365 2557 putas
376 2488 443 2550 fieri,
458 2488 578 2542 dictante
591 2486 705 2541 dolore?

61 2589 128 2641 Aut
141 2585 190 2640 ubi
203 2601 258 2638 non
271 2584 363 2652 lingua
375 2589 425 2645 est,
441 2583 567 2652 sineque
580 2584 675 2637 dextra
686 2580 779 2636 tecet?
