2036 3400
342 160 373 194 nr
387 160 571 197 rennuerunt.
822 145 857 192 3⁵

54 297 206 352 Moerentes
217 302 290 348 stent
301 296 404 348 circum
416 295 549 357 homines,
563 295 670 365 imaque
682 296 835 351 recondunt

55 393 155 447 Mente
167 408 257 454 sonos,
272 391 357 446 fidum
368 408 465 460 genus,
478 391 630 461 incertique
641 393 707 462 quid
718 399 827 463 optent:

53 491 99 544 Te
111 490 207 544 dulces
220 489 317 543 nolunt
329 489 470 543 moriendo
482 490 643 558 ubmmpere
655 507 751 551 voees;

53 587 221 642 Protrehere
231 585 357 656 ingentes
368 587 467 640 nolunt
479 586 596 640 vivendo
609 588 724 642 dolores.

201 823 243 877 IN
264 821 425 877 FESTUM
444 823 528 877 DIVI
549 823 711 878 THOMAE.

52 963 110 1026 un,
128 963 243 1025 Thomu,
257 980 292 1017 eu
304 962 410 1017 inhiens
423 963 515 1016 divino
526 962 555 1016 in
567 979 680 1032 corpore
692 963 800 1026 vulnus,

91 1060 137 1113 En
149 1060 237 1114 crucis
249 1067 277 1115 et
289 1061 358 1114 clevi
368 1061 451 1114 livids
461 1061 538 1130 signe
549 1059 627 1116 videi

49 1157 178 1206 credulus
189 1157 247 1206 hinc
258 1157 386 1206 Christum
397 1173 524 1222 agnosces,
535 1159 595 1206 dum
606 1158 709 1208 vulnera
720 1169 840 1208 monstrnt

92 1255 166 1316 Quae
177 1255 262 1324 digito
274 1255 407 1324 explores.
421 1255 535 1310 vulnera
548 1255 672 1310 Christus
684 1256 774 1310 hebet.

52 1353 130 1406 Hinc
142 1351 199 1414 tibi,
213 1351 284 1413 dive,
298 1351 388 1414 fidem,
401 1350 466 1405 hinc
477 1351 535 1405 aliis
547 1351 704 1412 confirmat;
717 1359 744 1416 ¹et
757 1352 815 1422 ipse

91 1450 176 1512 Quod
188 1449 304 1512 dubites,
318 1449 385 1503 alios
397 1464 453 1502 non
466 1449 590 1504 dubitare
601 1449 673 1503 sinit.

205 1725 247 1778 IN
268 1725 482 1780 CALENDAS
501 1724 704 1780 JANUAnu.

86 1865 104 1918 J
106 1881 163 1918 sur
175 1872 259 1934 pater,
273 1865 383 1942 gemine
395 1866 483 1920 cernis
494 1867 542 1936 qui
552 1874 677 1935 tempora
688 1867 774 1930 vultu,

127 1960 184 2023 Qui
194 1961 276 2015 finem
288 1978 430 2024 annorum,
444 1961 660 2031 principiumque
671 1962 762 2023 vides;

88 2060 227 2129 Tempora
237 2059 383 2128 prospicias
395 2060 541 2121 nascentia,
557 2067 585 2113 et
596 2059 687 2114 omine
698 2059 759 2114 laeto

123 2155 281 2224 Distinguet
291 2154 395 2209 faustos
408 2155 538 2208 candidus
550 2156 617 2208 ordo
629 2155 695 2209 dies.

86 2251 206 2306 Fermtis
218 2252 314 2306 cohibe
325 2252 429 2306 toribus
440 2252 546 2306 tristem
558 2252 632 2306 intus
644 2253 769 2324 erynnin,

124 2347 250 2415 Improba
262 2363 312 2400 nec
324 2355 419 2416 poscet
432 2347 534 2400 civicus
545 2364 619 2400 nrme
630 2347 715 2402 furor.

87 2443 211 2512 Incipiet,
225 2460 329 2511 precor,
343 2443 468 2512 auspiciis
479 2443 603 2499 felicibus
614 2462 711 2508 annus,

123 2539 169 2603 Et,
183 2541 282 2609 quibus
293 2540 418 2608 cmpiciis
428 2541 523 2608 incipit
534 2559 631 2607 annue,
646 2550 699 2600 eet,
724 2573 729 2580 -

285 2782 327 2837 IN
348 2783 615 2838 EPIPHANIAM.

84 2903 135 2958 Iun
149 2904 260 2960 domum
273 2906 397 2968 reduces,
411 2914 440 2960 et
450 2907 549 2976 gaudia
560 2907 641 2962 dicite
653 2914 756 2970 vestrm

122 3000 222 3057 Omine
234 3002 358 3056 laetsntes
370 3002 465 3056 sideris
477 3003 523 3063 ite,
537 3004 617 3072 magi.
