1986 3398
208 174 323 213 nunnus
343 175 398 212 uon
419 175 483 212 rurr
503 173 537 210 sn
556 175 683 211 ursano.
804 161 853 210 199

42 312 181 385 Marsque
195 316 364 386 Venusque?
393 318 448 371 ruit
464 317 597 371 Saturnus
610 333 674 371 eum
688 315 777 370 Jove?
805 331 854 369 cur

120 428 179 464 uon

43 503 174 559 Mundus
187 505 214 558 in
227 506 372 561 immanem
385 493 563 561 confunditur
575 506 645 575 iguis
657 504 809 560 acervum?

82 603 140 656 Sed
153 619 244 672 neque
257 603 415 658 crediderim
428 603 484 665 tibi,
503 604 589 666 Luna,
605 612 705 656 aterna
716 602 801 655 fuisse

43 699 170 762 Cornua,
185 716 239 767 qua
249 716 310 753 sese
318 701 422 769 jactant
435 706 512 753 aetate
524 699 627 766 priores
682 693 690 712 '

42 795 181 856 Arcades,
196 803 311 849 aeternos
324 813 354 849 se
366 796 457 849 dicere
469 795 575 864 parcius
587 796 654 848 ausi.

80 893 112 945 N
114 909 146 946 ec
158 898 266 945 tentum
278 893 354 960 genti
365 891 475 946 affectes
488 892 622 945 ascribere
638 892 780 954 honorem,

42 987 320 1048 (lambro-britanne,
337 993 407 1047 tum
427 986 491 1040 satis
504 994 553 1049 est,
564 988 638 1055 quod
651 986 724 1040 mille
734 988 853 1040 virorum

42 1083 189 1152 Sanguine
199 1083 360 1151 junctorum
373 1099 531 1151 percurrere
544 1083 654 1137 nomina
666 1084 761 1151 possis,

43 1179 133 1239 Quod
147 1178 197 1231 tibi
209 1178 300 1231 nescio
314 1177 374 1245 quis
386 1185 554 1245 memoretur
571 1177 693 1246 Regulus
703 1185 806 1232 auctor.

80 1275 145 1328 Nec
160 1291 211 1327 uos
224 1274 313 1342 (siqua
325 1273 400 1336 fides,
416 1273 493 1340 siqua
505 1280 547 1326 est
560 1273 710 1326 reverentia
722 1273 809 1340 lastis)

42 1371 149 1438 Longo
163 1369 305 1422 intervallo
318 1368 458 1422 communi
470 1385 485 1420 a
497 1369 581 1435 stirpe
591 1369 698 1430 remoti,

41 1465 139 1533 Stirpe
152 1464 203 1517 sibi
214 1464 332 1516 inflatam
345 1463 470 1516 confessa
482 1464 584 1516 coelitus
597 1480 698 1516 auram.

80 1561 123 1614 At
135 1560 234 1628 quibus
246 1559 302 1612 hee
315 1558 457 1611 hominurn
471 1575 617 1628 rerumque
629 1566 729 1613 aeterna
741 1559 828 1628 figura

41 1657 185 1718 Creditur,
200 1657 228 1709 in
240 1655 422 1725 labyrintheis
433 1656 590 1723 ambagibus
610 1665 707 1708 errant.

40 1754 72 1808 Si
86 1769 156 1814 non,
172 1753 244 1821 quod
258 1752 329 1805 dicta
342 1760 383 1805 est
396 1759 507 1813 aeterns,
522 1751 632 1804 aliunde
644 1753 746 1820 recepit

40 1848 187 1909 Materies,
201 1847 278 1900 Deus
288 1854 329 1899 est
340 1867 347 1907 余
368 1846 446 1899 Deus
456 1855 505 1908 est,
516 1846 700 1913 quodcunque
710 1847 833 1902 videmus
844 1870 851 1908 余

40 1945 107 1997 Nee
120 1942 174 1996 soli
186 1942 309 2011 AEgypto
323 1941 379 1995 divi
390 1948 541 1994 nascuntur
553 1941 581 1993 in
595 1941 691 1993 hortis.

80 2038 170 2099 Quod
181 2038 205 2090 si
216 2037 342 2090 materies
355 2037 447 2089 divino
461 2053 496 2090 ex
508 2036 622 2089 numine
634 2044 735 2098 manet,

40 2135 247 2200 Materiemque
259 2148 328 2200 opus
341 2147 492 2200 exuperans
503 2152 510 2191 余
531 2147 589 2199 quae
603 2147 691 2194 eausa,
706 2147 830 2184 coaevum

40 2233 104 2287 Cur
118 2227 197 2283 Deus
210 2228 282 2280 ultro
294 2227 445 2295 perficeret,
463 2242 547 2293 quern
561 2243 617 2279 non
631 2228 708 2294 regit,
724 2223 840 2280 orbem?

41 2331 90 2382 An
105 2341 173 2379 vero
185 2323 307 2378 invitus?
326 2324 386 2392 quis
399 2328 456 2375 erat
470 2322 518 2390 qui
530 2337 629 2390 cogere
642 2322 755 2388 posset?

40 2427 156 2490 Nempe
168 2422 271 2490 peregit
284 2436 362 2489 opus,
379 2420 454 2472 nullo
467 2426 593 2486 cogente,
611 2418 739 2472 coactus!

41 2522 120 2576 Hine
132 2519 193 2574 sine
204 2517 334 2585 principio
347 2517 476 2576 mundus,
491 2515 551 2568 sine
563 2515 618 2568 fine
637 2512 779 2568 movetur!

41 2618 188 2674 Incassum
201 2613 314 2680 cupiunt
327 2612 459 2665 rationem
473 2612 585 2664 eludere
598 2610 696 2670 verbis,

42 2712 223 2778 Arbitrioque
236 2716 336 2778 negant
348 2709 434 2761 divini
446 2708 566 2761 numinis
579 2708 672 2759 orbem

41 2814 74 2870 In
88 2811 167 2872 nihil,
183 2827 199 2863 e
212 2810 296 2862 nihilo
309 2810 482 2878 productum,
497 2825 577 2877 posse
591 2807 706 2867 reverti余

41 2909 131 2964 Instat
144 2923 252 2960 summa
264 2907 322 2960 dies
335 2913 363 2958 et
375 2905 549 2959 ineluctabile
562 2912 677 2971 tempus,

42 3007 165 3060 Cernere
177 3021 241 3058 cum
254 3003 336 3056 luerit
348 3001 500 3056 conlectam
513 3008 593 3053 aetate
606 3006 744 3066 parentem
