1986 3398
248 711 300 764 AD
322 709 635 765 HEEMSKIRKUM.

41 946 153 999 Fasrrvr
166 946 268 1015 ingenii
280 946 421 1014 multique,
438 945 626 1007 Heemskirke,
641 943 759 1013 leporis!

42 1042 181 1095 Pictorum
193 1041 317 1109 princeps
331 1038 511 1094 Batavorum!
531 1047 563 1093 ut
574 1047 658 1108 teque
669 1047 788 1108 tuosque

43 1137 136 1191 Mirari
140 1136 227 1207 juvat,
243 1144 272 1191 et
283 1137 337 1190 risu
350 1137 460 1190 laudare
471 1135 593 1190 labores!

42 1234 86 1286 Tu
99 1235 190 1295 modo,
205 1242 236 1287 tu
250 1233 356 1286 veniam
364 1233 474 1286 conanti
486 1233 631 1286 indulseris
643 1249 755 1300 aequam,

43 1329 122 1382 Binas
135 1346 151 1382 e
163 1329 264 1392 multis,
279 1329 303 1382 si
313 1328 369 1382 t'ors
378 1328 527 1382 imitamine
539 1328 632 1397 possit,

43 1425 202 1480 Transferre
213 1425 241 1478 iu
255 1425 374 1479 chartam
386 1432 474 1479 tentat
487 1442 547 1478 mea
560 1441 637 1479 musa
648 1425 768 1478 tabellas.

77 1522 168 1576 Prima
176 1539 264 1576 oasam
276 1529 418 1591 agrestem,
432 1523 573 1591 fixumque
585 1523 612 1575 iu
623 1523 724 1590 pariete
734 1539 842 1576 carmen

43 1618 185 1681 Describit,
200 1618 355 1686 solidosque
368 1619 437 1672 duos
450 1626 478 1672 et
490 1626 607 1689 quatuor
615 1635 697 1680 asses,

45 1713 173 1768 Hesterni
184 1714 302 1782 pretium
315 1720 405 1782 potus.
446 1713 499 1767 Hic
512 1714 577 1767 civis
590 1715 690 1767 obesus

45 1809 187 1876 Spectatur
202 1810 292 1878 Belga,
308 1828 324 1862 a
335 1810 426 1878 lepido
438 1811 484 1863 cui
496 1809 598 1863 vertice
610 1817 689 1862 nutat

46 1903 135 1958 Pileus
147 1904 279 1958 inlaevam
291 1921 449 1973 suspensus
464 1912 492 1958 et
504 1905 634 1972 amphora
645 1912 734 1958 totum

46 2000 172 2055 Ostendit
184 2002 286 2054 nudata
298 2001 387 2054 sinum
400 2009 580 2069 ventremque
591 2017 725 2069 capacem.

47 2097 152 2152 Obtutu
163 2105 257 2167 stupet
266 2098 311 2150 ilie
323 2098 437 2159 inhians,
452 2098 586 2166 vultuque
596 2098 701 2151 fatente

47 2193 196 2256 Mororem,
210 2201 259 2246 aut
271 2200 380 2261 quassat
392 2200 481 2261 caput,
496 2201 544 2246 aut
557 2209 686 2261 quassare
699 2193 806 2246 videtur
819 2215 824 2243 :

46 2287 154 2342 Frustra
166 2289 259 2350 inhiat,
271 2288 371 2342 frustra
383 2288 479 2342 solitos
491 2288 625 2341 desiderat
638 2284 771 2340 haustus!

47 2381 220 2438 Horrendum
232 2399 358 2445 vacuum,
373 2390 455 2452 atque
468 2383 564 2451 ingens
577 2389 619 2436 est
631 2383 706 2435 intus
718 2383 807 2436 inane.

48 2477 103 2532 Stat
113 2481 204 2533 bonus
216 2497 233 2532 a
244 2479 311 2532 socii
322 2463 404 2547 tergo
412 2485 562 2546 compotu,
578 2485 606 2531 et
618 2478 703 2531 imum

47 2571 97 2626 Vas
108 2581 188 2627 caute
201 2573 331 2640 explorat,
346 2580 473 2640 tetroque
485 2571 634 2625 inamabilis
646 2589 694 2625 ore

48 2667 202 2722 Etvacuam
215 2670 297 2722 deflet
308 2676 415 2746 testam,
427 2685 595 2736 vacuamque
604 2683 770 2722 crumenam.

84 2764 197 2818 Scamno
209 2765 370 2834 interposito
383 2765 461 2818 binos
473 2766 555 2819 habet
567 2763 652 2817 altera
663 2771 770 2825 nautas,

50 2857 129 2912 Pictis
140 2868 269 2915 conantes
281 2860 380 2913 chartis
389 2859 454 2928 quid
466 2858 551 2926 possit
563 2864 688 2926 uterque.
