1994 3398
386 178 488 214 THEBA-

41 316 152 370 Solvere
164 316 286 370 naucleri
295 317 377 386 J'ussit
390 333 444 371 vox
455 317 544 372 ferrea
554 333 659 380 navem,

75 412 142 466 Vela
154 420 339 467 tumescentes
352 414 507 483 explicuere
519 414 609 468 sinus:

40 509 116 563 Dixit
124 517 249 578 uterque,
260 509 341 563 Vale:
356 517 383 564 et
390 510 517 580 lacrymis
525 510 603 565 simul
614 510 706 564 oscula
712 509 836 572 miscens,

78 607 190 660 Addidit
201 606 257 660 haec
269 607 395 676 gemitus,
410 608 455 661 ille
468 608 570 661 recline
582 616 672 677 caput.

41 703 128 756 invita
140 711 168 756 et
180 704 256 756 tarde
268 703 302 756 ad
312 710 410 757 terram
426 704 549 758 Susanna
559 704 671 766 recedit,

76 799 112 852 Et
123 799 204 852 nivea
215 799 320 869 repetit,
338 806 357 829 “
370 800 444 863 Vive,
459 799 602 870 valeque!”
616 818 706 854 manu.

359 1292 507 1375 nunna..

40 1475 118 1534 Quas
130 1473 216 1542 aperit
229 1489 341 1528 veneres
353 1472 360 1526 l
381 1490 462 1542 quum
476 1472 662 1527 Flotaarridet
673 1488 814 1535 amoenum,

73 1567 117 1621 Ad
129 1567 262 1636 placidam
277 1568 380 1622 'l'uedae
391 1568 454 1621 lene
466 1569 576 1622 fluentis
588 1585 684 1638 aquam
696 1567 702 1622 l

38 1663 87 1717 His
99 1671 201 1728 mmen,
216 1664 259 1718 his
271 1665 385 1727 cunctis,
399 1665 544 1718 formosior
556 1683 612 1719 une
626 1665 718 1728 Maria,

72 1761 162 1813 Natur
198 1761 299 1829 pariter
312 1760 395 1814 vincit
408 1767 436 1814 et
448 1761 512 1815 artis
528 1778 603 1829 opes.

38 1857 99 1908 Non
114 1873 183 1918 rosa,
199 1873 254 1910 non
268 1856 351 1919 violoe,
367 1873 422 1910 non
435 1857 508 1925 picto
521 1858 641 1926 margine
653 1858 737 1920 bellis,

71 1955 198 2022 Totaque
210 1954 339 2015 luxuries,
355 1971 409 2024 qua
421 1955 538 2009 variatur
550 1956 665 2016 humus;

36 2051 108 2112 Non,
124 2067 184 2120 quae
196 2052 346 2120 subrepens
359 2052 457 2105 blando
468 2052 637 2105 interlabitur
649 2068 727 2120 agros

69 2147 204 2210 Flumine,
220 2154 275 2200 tarn
287 2147 364 2202 suavi
381 2148 477 2202 Tuedu
486 2149 584 2202 decore
594 2149 671 2201 nitet.

34 2339 116 2408 Sylva
127 2340 219 2393 choris
231 2339 321 2394 avium
334 2347 442 2394 resonat
454 2341 566 2402 vocalis3
587 2347 615 2394 et
627 2356 708 2395 omne

66 2437 225 2507 virgultum
236 2436 376 2490 harmonia
387 2437 482 2501 servet,
498 2444 525 2491 et
538 2453 620 2492 omne
633 2453 738 2490 nemus.

34 2533 151 2589 Miscent
164 2544 193 2589 et
205 2536 316 2590 merulae
328 2552 464 2599 numeros,
479 2536 651 2606 gemitusque
662 2535 816 2604 palumbcs;

65 2632 196 2700 Desuper
208 2633 295 2686 adrios
307 2633 380 2686 addit
392 2633 487 2686 alauda
500 2635 603 2687 modos.

32 2727 199 2782 Vernantem
211 2729 239 2782 in
251 2745 376 2797 campum
389 2746 496 2784 mecum
509 2729 653 2792 descende,
665 2729 783 2798 novique

64 2826 181 2890 Videris,
197 2832 228 2880 ut
240 2834 333 2896 surgat
344 2827 467 2896 primula,
482 2828 553 2881 veris
565 2828 662 2880 honos.

32 2919 103 2976 Dum
117 2923 238 2992 populus
251 2923 353 2977 circum
366 2930 456 2977 cantat
469 2929 613 2990 pennatus,
628 2922 713 2974 amori

66 3019 158 3080 Quam
172 3035 280 3072 mecum
293 3019 325 3071 ud
342 3019 466 3073 Tuedam
478 3018 552 3070 lenta
564 3031 658 3068 vocare
669 3023 747 3082 potes
759 3014 766 3067 l
