2002 3400
423 174 475 228 307

149 336 210 391 Hoc
223 339 317 392 subter
331 351 466 392 marmore
478 339 635 392 conduntur
648 336 755 391 exuviae

317 433 446 486 Envaam
461 433 585 486 Hauatct

156 528 269 583 Comitis
281 530 315 582 de
331 529 478 582 Waawicu
491 545 527 581 aa
540 545 577 582 na
592 528 741 589 Heumann,

191 624 304 676 Batonis
317 624 392 677 Rieu
406 641 440 675 aa
453 640 489 676 na
509 623 707 684 Knnsmonom

264 719 454 773 Adolescentia
466 719 634 780 nobilissimi,

64 812 185 881 Propriis
197 819 288 866 tamen
302 829 382 882 quam
395 813 528 882 majorum
545 813 689 866 virtutibus
703 812 830 865 clarioris.

269 909 360 964 Inerat
373 907 411 961 illi
419 909 476 977 jam
488 927 505 961 a
516 909 632 976 pueritia

136 1002 169 1056 In
182 1004 261 1057 vultu
273 1005 340 1072 ipso,
354 1005 382 1056 in
396 1020 472 1066 voce,
486 1013 622 1071 gestuque
635 1002 754 1070 corporis

154 1097 238 1152 Virile
250 1099 342 1152 nescio
355 1099 421 1167 quid
434 1106 462 1152 et
474 1100 586 1166 plenum
599 1098 746 1166 dignitatis.

221 1193 317 1246 Miram
331 1209 396 1246 sane
408 1192 511 1260 ingenii
523 1193 676 1245 ubertatem

118 1289 247 1344 Excoluit
258 1296 340 1358 atque
353 1289 488 1357 promovit
501 1288 603 1356 optima
616 1287 770 1356 disciplina;

101 1386 220 1440 Omnem
232 1386 382 1439 doctrinam
394 1386 532 1439 liberalem
549 1386 582 1439 ab
595 1401 628 1438 co
641 1391 795 1452 perceptam

368 1481 525 1543 illustravit,

42 1577 139 1626 Nativa
150 1577 266 1640 quadam,
276 1585 302 1625 et
309 1592 364 1640 quae
374 1579 454 1626 virum
463 1577 572 1625 nobilem
582 1577 690 1635 decorat,
699 1577 849 1640 eloquentia.

42 1669 84 1716 Ita
95 1675 177 1725 nanas,
187 1666 223 1714 ita
234 1667 362 1725 educatus,
378 1683 450 1731 quam
468 1667 575 1731 primum
587 1667 614 1715 in
626 1667 707 1714 lucem
719 1667 849 1730 processit,

241 1756 348 1824 Dignus
362 1756 498 1824 extemplo
513 1757 586 1809 visua
600 1762 650 1817 est,

71 1850 164 1910 Quem
176 1850 204 1903 in
217 1850 361 1904 amicitiam
373 1859 532 1918 cooptarent
544 1850 669 1903 homines
682 1849 815 1916 primarii;

42 1947 143 2014 Neque
157 1954 214 2000 erat
232 1947 259 2000 in
279 1946 395 2000 amicitia
411 1954 459 1999 aut
474 1946 622 2014 jucundior
640 1945 782 2014 quisquam
800 1950 848 1998 aut

371 2039 515 2097 cordatior.

306 2138 349 2190 Ad
362 2138 450 2192 auiam
463 2138 583 2197 accessit,

198 2234 378 2288 Serenissimo
390 2234 447 2302 regi
462 2232 581 2300 Georgio
594 2231 690 2300 primo,

170 2331 197 2382 A
209 2330 344 2391 cubiculo,
360 2336 388 2382 et
399 2329 484 2391 brevi,
498 2327 720 2396 acceptissimus:

135 2425 195 2478 Hoc
208 2425 259 2478 nbi
271 2425 368 2478 merito
381 2441 436 2477 non
449 2424 550 2477 ultime
562 2424 679 2478 ducebat
691 2422 764 2475 laudi

303 2521 422 2588 Principi
433 2520 573 2587 placuisse,

50 2619 119 2672 Non
132 2616 223 2670 minus
236 2617 290 2670 aori
301 2617 335 2670 ad
344 2616 531 2684 judicandum,
546 2631 627 2682 quam
641 2614 674 2666 ad
686 2613 834 2666 favendum

396 2727 491 2778 prono.

258 2807 327 2860 Tam
339 2813 431 2874 aperta
444 2806 481 2858 illi
492 2805 632 2874 facilisque

162 2905 207 2956 Ad
221 2903 338 2956 maxima
350 2918 468 2972 quaeque
480 2919 543 2956 cum
555 2908 661 2970 pateret
674 2900 724 2960 via,

52 3003 119 3049 Cum
133 2999 196 3048 nihii
209 2999 232 3048 ci
243 2999 323 3048 defuit
335 3000 365 3047 ad
378 3014 499 3048 summam
516 2999 613 3066 laudem
627 2997 675 3045 nisi
687 2996 760 3060 longa
772 2993 829 3050 vita,

159 3089 190 3142 ln
205 3089 295 3142 medio
308 3088 396 3142 aetatis
409 3095 436 3141 et
448 3087 567 3140 fortuna*
581 3085 724 3146 curriculo.
