<?xml version="1.0" encoding="UTF-8"?>
<!DOCTYPE html PUBLIC "-//W3C//DTD XHTML 1.0 Transitional//EN"
    "http://www.w3.org/TR/xhtml1/DTD/xhtml1-transitional.dtd">
<html xmlns="http://www.w3.org/1999/xhtml" xml:lang="en" lang="en">
 <head>
  <title>
</title>
<meta http-equiv="Content-Type" content="text/html;charset=utf-8" />
  <meta name='ocr-system' content='tesseract 3.04.00' />
  <meta name='ocr-capabilities' content='ocr_page ocr_carea ocr_par ocr_line ocrx_word'/>
</head>
<body>
  <div class='ocr_page' id='page_1' title='image "./poeticalworksla01bourgoog_0156.png"; bbox 0 0 1994 3398; ppageno 0'>
   <div class='ocr_carea' id='block_1_1' title="bbox 183 152 752 202">
    <p class='ocr_par' dir='ltr' id='par_1_1' title="bbox 183 152 752 202">
     <span class='ocr_line' id='line_1_1' title="bbox 183 152 752 202; baseline 0 0"><span class='ocrx_word' id='word_1_1' title='bbox 183 152 232 202; x_wconf 78' lang='grc'>186</span> <span class='ocrx_word' id='word_1_2' title='bbox 407 165 579 202; x_wconf 72' lang='lat' dir='ltr'>rrrnrrururs</span> <span class='ocrx_word' id='word_1_3' title='bbox 599 167 627 202; x_wconf 85' lang='lat' dir='ltr'>m</span> <span class='ocrx_word' id='word_1_4' title='bbox 647 167 752 202; x_wconf 71' lang='lat' dir='ltr'>censu.</span> 
     </span>
    </p>
   </div>
   <div class='ocr_carea' id='block_1_2' title="bbox 183 303 986 2021">
    <p class='ocr_par' dir='ltr' id='par_1_2' title="bbox 183 303 910 471">
     <span class='ocr_line' id='line_1_2' title="bbox 183 303 910 375; baseline 0.001 -17"><span class='ocrx_word' id='word_1_5' title='bbox 183 305 241 360; x_wconf 87' lang='lat' dir='ltr'>Nec</span> <span class='ocrx_word' id='word_1_6' title='bbox 253 306 395 375; x_wconf 82' lang='lat' dir='ltr'>quisquam</span> <span class='ocrx_word' id='word_1_7' title='bbox 407 323 440 359; x_wconf 84' lang='lat' dir='ltr'>ex</span> <span class='ocrx_word' id='word_1_8' title='bbox 454 306 568 359; x_wconf 90' lang='lat' dir='ltr'>humero</span> <span class='ocrx_word' id='word_1_9' title='bbox 581 305 712 360; x_wconf 82' lang='lat' dir='ltr'>contorsit</span> <span class='ocrx_word' id='word_1_10' title='bbox 724 311 783 358; x_wconf 83' lang='lat' dir='ltr'>rete</span> <span class='ocrx_word' id='word_1_11' title='bbox 795 303 910 359; x_wconf 88' lang='lat' dir='ltr'>sinistro.</span> 
     </span>
     <span class='ocr_line' id='line_1_3' title="bbox 217 400 717 471; baseline 0 -17"><span class='ocrx_word' id='word_1_12' title='bbox 217 400 325 455; x_wconf 81' lang='lat' dir='ltr'>Gentius</span> <span class='ocrx_word' id='word_1_13' title='bbox 338 402 452 456; x_wconf 76' lang='lat' dir='ltr'>incautis</span> <span class='ocrx_word' id='word_1_14' title='bbox 465 403 582 471; x_wconf 80' lang='lat' dir='ltr'>piscibus</span> <span class='ocrx_word' id='word_1_15' title='bbox 594 403 717 456; x_wconf 87' lang='lat' dir='ltr'>exitium.</span> 
     </span>
    </p>

    <p class='ocr_par' dir='ltr' id='par_1_3' title="bbox 183 497 965 649">
     <span class='ocr_line' id='line_1_4' title="bbox 183 497 965 567; baseline -0.004 -16"><span class='ocrx_word' id='word_1_16' title='bbox 183 498 257 560; x_wconf 80' lang='lat' dir='ltr'>Quid</span> <span class='ocrx_word' id='word_1_17' title='bbox 268 504 359 552; x_wconf 79' lang='lat' dir='ltr'>tamen</span> <span class='ocrx_word' id='word_1_18' title='bbox 373 497 429 553; x_wconf 74' lang='lat' dir='ltr'>hcc</span> <span class='ocrx_word' id='word_1_19' title='bbox 441 516 571 562; x_wconf 88' lang='lat' dir='ltr'>memoro,</span> <span class='ocrx_word' id='word_1_20' title='bbox 589 499 688 553; x_wconf 77' lang='lat' dir='ltr'>Caurus</span> <span class='ocrx_word' id='word_1_21' title='bbox 701 516 763 553; x_wconf 90' lang='lat' dir='ltr'>cum</span> <span class='ocrx_word' id='word_1_22' title='bbox 776 499 895 567; x_wconf 84' lang='lat' dir='ltr'>perfidus</span> <span class='ocrx_word' id='word_1_23' title='bbox 906 499 965 551; x_wconf 90' lang='lat' dir='ltr'>iden</span> 
     </span>
     <span class='ocr_line' id='line_1_5' title="bbox 218 592 825 649; baseline 0.003 -3"><span class='ocrx_word' id='word_1_24' title='bbox 218 592 377 648; x_wconf 83' lang='lat' dir='ltr'>Roussaeum</span> <span class='ocrx_word' id='word_1_25' title='bbox 392 595 478 648; x_wconf 85' lang='lat' dir='ltr'>inviso</span> <span class='ocrx_word' id='word_1_26' title='bbox 492 595 615 649; x_wconf 83' lang='lat' dir='ltr'>merserit</span> <span class='ocrx_word' id='word_1_27' title='bbox 627 612 707 649; x_wconf 85' lang='lat' dir='ltr'>smne</span> <span class='ocrx_word' id='word_1_28' title='bbox 718 611 799 648; x_wconf 93' lang='lat' dir='ltr'>suum</span> <span class='ocrx_word' id='word_1_29' title='bbox 811 593 825 648; x_wconf 83' lang='grc' dir='ltr'>Ι·</span> 
     </span>
    </p>

    <p class='ocr_par' dir='ltr' id='par_1_4' title="bbox 183 689 888 858">
     <span class='ocr_line' id='line_1_6' title="bbox 183 689 888 755; baseline 0.004 -12"><span class='ocrx_word' id='word_1_30' title='bbox 183 689 265 744; x_wconf 85' lang='lat' dir='ltr'>Hunc</span> <span class='ocrx_word' id='word_1_31' title='bbox 278 698 371 746; x_wconf 86' lang='lat' dir='ltr'>nostru</span> <span class='ocrx_word' id='word_1_32' title='bbox 384 699 415 745; x_wconf 86' lang='lat' dir='ltr'>ut</span> <span class='ocrx_word' id='word_1_33' title='bbox 428 692 523 746; x_wconf 82' lang='lat' dir='ltr'>reddas</span> <span class='ocrx_word' id='word_1_34' title='bbox 536 692 609 755; x_wconf 83' lang='lat' dir='ltr'>coelc,</span> <span class='ocrx_word' id='word_1_35' title='bbox 625 701 652 746; x_wconf 90' lang='lat' dir='ltr'>te</span> <span class='ocrx_word' id='word_1_36' title='bbox 662 693 781 746; x_wconf 79' lang='lat' dir='ltr'>carmine</span> <span class='ocrx_word' id='word_1_37' title='bbox 793 693 888 753; x_wconf 89' lang='lat' dir='ltr'>multo,</span> 
     </span>
     <span class='ocr_line' id='line_1_7' title="bbox 219 771 870 858; baseline 0.003 -18"><span class='ocrx_word' id='word_1_38' title='bbox 219 771 299 840; x_wconf 81' lang='lat' dir='ltr'>Alme</span> <span class='ocrx_word' id='word_1_39' title='bbox 313 786 429 850; x_wconf 85' lang='lat' dir='ltr'>Charon,</span> <span class='ocrx_word' id='word_1_40' title='bbox 447 787 556 841; x_wconf 79' lang='lat' dir='ltr'>Grsntae</span> <span class='ocrx_word' id='word_1_41' title='bbox 567 795 660 842; x_wconf 84' lang='lat' dir='ltr'>moestn</span> <span class='ocrx_word' id='word_1_42' title='bbox 668 788 784 858; x_wconf 77' lang='lat' dir='ltr'>juventu</span> <span class='ocrx_word' id='word_1_43' title='bbox 795 789 870 858; x_wconf 86' lang='lat' dir='ltr'>petit.</span> 
     </span>
    </p>

    <p class='ocr_par' dir='ltr' id='par_1_5' title="bbox 183 882 852 1050">
     <span class='ocr_line' id='line_1_8' title="bbox 183 882 795 952; baseline 0.002 -15"><span class='ocrx_word' id='word_1_44' title='bbox 183 882 231 937; x_wconf 90' lang='lat' dir='ltr'>Sin</span> <span class='ocrx_word' id='word_1_45' title='bbox 242 883 331 938; x_wconf 83' lang='lat' dir='ltr'>Psrcoe</span> <span class='ocrx_word' id='word_1_46' title='bbox 343 884 493 952; x_wconf 79' lang='lat' dir='ltr'>prohibent,</span> <span class='ocrx_word' id='word_1_47' title='bbox 509 891 537 938; x_wconf 91' lang='lat' dir='ltr'>et</span> <span class='ocrx_word' id='word_1_48' title='bbox 546 884 717 939; x_wconf 77' lang='lat' dir='ltr'>inexorabilis</span> <span class='ocrx_word' id='word_1_49' title='bbox 729 887 795 946; x_wconf 84' lang='lat' dir='ltr'>orci.</span> 
     </span>
     <span class='ocr_line' id='line_1_9' title="bbox 220 979 852 1050; baseline 0.003 -16"><span class='ocrx_word' id='word_1_50' title='bbox 220 979 309 1041; x_wconf 89' lang='lat' dir='ltr'>Quem</span> <span class='ocrx_word' id='word_1_51' title='bbox 319 981 447 1050; x_wconf 90' lang='lat' dir='ltr'>petimus,</span> <span class='ocrx_word' id='word_1_52' title='bbox 459 981 575 1035; x_wconf 89' lang='lat' dir='ltr'>reditum</span> <span class='ocrx_word' id='word_1_53' title='bbox 587 981 633 1035; x_wconf 85' lang='lat' dir='ltr'>lex</span> <span class='ocrx_word' id='word_1_54' title='bbox 645 981 752 1035; x_wconf 80' lang='lat' dir='ltr'>inimica</span> <span class='ocrx_word' id='word_1_55' title='bbox 764 989 852 1037; x_wconf 84' lang='lat' dir='ltr'>vetut:</span> 
     </span>
    </p>

    <p class='ocr_par' dir='ltr' id='par_1_6' title="bbox 183 1075 917 1244">
     <span class='ocr_line' id='line_1_10' title="bbox 183 1075 899 1148; baseline 0.003 -20"><span class='ocrx_word' id='word_1_56' title='bbox 183 1075 244 1129; x_wconf 90' lang='lat' dir='ltr'>Hoc</span> <span class='ocrx_word' id='word_1_57' title='bbox 257 1076 352 1130; x_wconf 82' lang='lat' dir='ltr'>saltem</span> <span class='ocrx_word' id='word_1_58' title='bbox 364 1077 503 1137; x_wconf 88' lang='lat' dir='ltr'>concede;</span> <span class='ocrx_word' id='word_1_59' title='bbox 521 1078 631 1132; x_wconf 82' lang='lat' dir='ltr'>admota</span> <span class='ocrx_word' id='word_1_60' title='bbox 643 1078 677 1131; x_wconf 84' lang='lat' dir='ltr'>ad</span> <span class='ocrx_word' id='word_1_61' title='bbox 688 1078 780 1131; x_wconf 76' lang='lat' dir='ltr'>littora</span> <span class='ocrx_word' id='word_1_62' title='bbox 793 1079 899 1148; x_wconf 78' lang='lat' dir='ltr'>cymba,</span> 
     </span>
     <span class='ocr_line' id='line_1_11' title="bbox 218 1172 917 1244; baseline 0.001 -19"><span class='ocrx_word' id='word_1_63' title='bbox 218 1172 271 1226; x_wconf 88' lang='lat' dir='ltr'>Per</span> <span class='ocrx_word' id='word_1_64' title='bbox 286 1173 411 1244; x_wconf 79' lang='lat' dir='ltr'>Stygium</span> <span class='ocrx_word' id='word_1_65' title='bbox 424 1181 533 1227; x_wconf 78' lang='lat' dir='ltr'>nautam</span> <span class='ocrx_word' id='word_1_66' title='bbox 546 1175 697 1237; x_wconf 78' lang='lat' dir='ltr'>transvehe‚</span> <span class='ocrx_word' id='word_1_67' title='bbox 713 1181 803 1236; x_wconf 81' lang='lat' dir='ltr'>nauta,</span> <span class='ocrx_word' id='word_1_68' title='bbox 818 1174 917 1227; x_wconf 80' lang='lat' dir='ltr'>lacum.</span> 
     </span>
    </p>

    <p class='ocr_par' dir='ltr' id='par_1_7' title="bbox 183 1269 986 1438">
     <span class='ocr_line' id='line_1_12' title="bbox 183 1269 885 1339; baseline 0.001 -16"><span class='ocrx_word' id='word_1_69' title='bbox 183 1269 242 1324; x_wconf 90' lang='lat' dir='ltr'>Nec</span> <span class='ocrx_word' id='word_1_70' title='bbox 255 1287 348 1339; x_wconf 78' lang='lat' dir='ltr'>poscas</span> <span class='ocrx_word' id='word_1_71' title='bbox 361 1271 489 1332; x_wconf 66' lang='lat' dir='ltr'>mulum</span> <span class='ocrx_word' id='word_1_72' title='bbox 509 1273 614 1326; x_wconf 88' lang='lat' dir='ltr'>loculos</span> <span class='ocrx_word' id='word_1_73' title='bbox 626 1289 688 1326; x_wconf 84' lang='lat' dir='ltr'>nam</span> <span class='ocrx_word' id='word_1_74' title='bbox 701 1273 778 1326; x_wconf 86' lang='lat' dir='ltr'>vivus</span> <span class='ocrx_word' id='word_1_75' title='bbox 790 1272 885 1325; x_wconf 86' lang='lat' dir='ltr'>inanes</span> 
     </span>
     <span class='ocr_line' id='line_1_13' title="bbox 219 1367 986 1438; baseline -0.001 -18"><span class='ocrx_word' id='word_1_76' title='bbox 219 1367 319 1430; x_wconf 81' lang='lat' dir='ltr'>Gessit,</span> <span class='ocrx_word' id='word_1_77' title='bbox 334 1374 362 1422; x_wconf 90' lang='lat' dir='ltr'>et</span> <span class='ocrx_word' id='word_1_78' title='bbox 373 1368 446 1422; x_wconf 77' lang='lat' dir='ltr'>haud</span> <span class='ocrx_word' id='word_1_79' title='bbox 456 1369 575 1430; x_wconf 89' lang='lat' dir='ltr'>obolum,</span> <span class='ocrx_word' id='word_1_80' title='bbox 590 1385 672 1438; x_wconf 90' lang='lat' dir='ltr'>quem</span> <span class='ocrx_word' id='word_1_81' title='bbox 682 1369 732 1423; x_wconf 89' lang='lat' dir='ltr'>tibi</span> <span class='ocrx_word' id='word_1_82' title='bbox 743 1368 838 1429; x_wconf 84' lang='lat' dir='ltr'>solvat,</span> <span class='ocrx_word' id='word_1_83' title='bbox 854 1367 942 1421; x_wconf 86' lang='lat' dir='ltr'>habet.</span> <span class='ocrx_word' id='word_1_84' title='bbox 985 1369 986 1398; x_wconf 53' lang='lat' dir='ltr'>i</span> 
     </span>
    </p>

    <p class='ocr_par' dir='ltr' id='par_1_8' title="bbox 185 1465 938 1632">
     <span class='ocr_line' id='line_1_14' title="bbox 185 1465 938 1534; baseline 0.004 -15"><span class='ocrx_word' id='word_1_85' title='bbox 185 1465 267 1527; x_wconf 87' lang='lat' dir='ltr'>Quod</span> <span class='ocrx_word' id='word_1_86' title='bbox 279 1466 302 1519; x_wconf 85' lang='lat' dir='ltr'>si</span> <span class='ocrx_word' id='word_1_87' title='bbox 314 1473 369 1519; x_wconf 77' lang='lat' dir='ltr'>tam</span> <span class='ocrx_word' id='word_1_88' title='bbox 381 1467 487 1520; x_wconf 80' lang='lat' dir='ltr'>crebras</span> <span class='ocrx_word' id='word_1_89' title='bbox 500 1465 682 1520; x_wconf 79' lang='lat' dir='ltr'>transmittere</span> <span class='ocrx_word' id='word_1_90' title='bbox 693 1472 722 1519; x_wconf 90' lang='lat' dir='ltr'>te</span> <span class='ocrx_word' id='word_1_91' title='bbox 733 1466 807 1534; x_wconf 85' lang='lat' dir='ltr'>piget</span> <span class='ocrx_word' id='word_1_92' title='bbox 820 1465 938 1522; x_wconf 81' lang='lat' dir='ltr'>umbras,</span> 
     </span>
     <span class='ocr_line' id='line_1_15' title="bbox 220 1545 817 1632; baseline -0.002 -17"><span class='ocrx_word' id='word_1_93' title='bbox 220 1562 256 1615; x_wconf 89' lang='lat' dir='ltr'>Et</span> <span class='ocrx_word' id='word_1_94' title='bbox 264 1545 376 1632; x_wconf 62' lang='lat' dir='ltr'>longum</span> <span class='ocrx_word' id='word_1_95' title='bbox 389 1562 497 1632; x_wconf 78' lang='lat' dir='ltr'>refugis,</span> <span class='ocrx_word' id='word_1_96' title='bbox 513 1562 627 1631; x_wconf 87' lang='lat' dir='ltr'>portitor</span> <span class='ocrx_word' id='word_1_97' title='bbox 638 1579 719 1625; x_wconf 86' lang='lat' dir='ltr'>unus,</span> <span class='ocrx_word' id='word_1_98' title='bbox 731 1578 817 1630; x_wconf 79' lang='lat' dir='ltr'>opus:</span> 
     </span>
    </p>

    <p class='ocr_par' dir='ltr' id='par_1_9' title="bbox 185 1657 811 1824">
     <span class='ocr_line' id='line_1_16' title="bbox 185 1657 811 1728; baseline -0.003 -15"><span class='ocrx_word' id='word_1_99' title='bbox 185 1659 287 1728; x_wconf 84' lang='lat' dir='ltr'>Accipe</span> <span class='ocrx_word' id='word_1_100' title='bbox 299 1660 378 1714; x_wconf 84' lang='lat' dir='ltr'>divisi</span> <span class='ocrx_word' id='word_1_101' title='bbox 390 1660 494 1713; x_wconf 91' lang='lat' dir='ltr'>socium</span> <span class='ocrx_word' id='word_1_102' title='bbox 508 1658 689 1726; x_wconf 89' lang='lat' dir='ltr'>comitemque</span> <span class='ocrx_word' id='word_1_103' title='bbox 701 1657 811 1718; x_wconf 71' lang='lat' dir='ltr'>lrborisr</span> 
     </span>
     <span class='ocr_line' id='line_1_17' title="bbox 219 1754 694 1824; baseline -0.006 -15"><span class='ocrx_word' id='word_1_104' title='bbox 219 1755 330 1810; x_wconf 86' lang='lat' dir='ltr'>Divisus</span> <span class='ocrx_word' id='word_1_105' title='bbox 341 1755 426 1810; x_wconf 87' lang='lat' dir='ltr'>levior</span> <span class='ocrx_word' id='word_1_106' title='bbox 435 1755 481 1809; x_wconf 86' lang='lat' dir='ltr'>fiet</span> <span class='ocrx_word' id='word_1_107' title='bbox 492 1754 600 1824; x_wconf 90' lang='lat' dir='ltr'>utrique</span> <span class='ocrx_word' id='word_1_108' title='bbox 612 1755 694 1807; x_wconf 82' lang='lat' dir='ltr'>labor.</span> 
     </span>
    </p>

    <p class='ocr_par' dir='ltr' id='par_1_10' title="bbox 185 1837 985 2107">
     <span class='ocr_line' id='line_1_18' title="bbox 185 1837 985 1924; baseline -0.004 -16"><span class='ocrx_word' id='word_1_109' title='bbox 185 1855 265 1908; x_wconf 78' lang='lat' dir='ltr'>nuce</span> <span class='ocrx_word' id='word_1_110' title='bbox 276 1855 350 1924; x_wconf 78' lang='lat' dir='ltr'>quon</span> <span class='ocrx_word' id='word_1_111' title='bbox 362 1854 406 1921; x_wconf 77' lang='lat' dir='ltr'>(ut</span> <span class='ocrx_word' id='word_1_112' title='bbox 418 1853 518 1907; x_wconf 77' lang='lat' dir='ltr'>similes</span> <span class='ocrx_word' id='word_1_113' title='bbox 530 1853 607 1920; x_wconf 73' lang='lat' dir='ltr'>esus)</span> <span class='ocrx_word' id='word_1_114' title='bbox 621 1850 793 1912; x_wconf 73' lang='lat' dir='ltr'>dubitabitur,</span> <span class='ocrx_word' id='word_1_115' title='bbox 808 1857 902 1906; x_wconf 77' lang='lat' dir='ltr'>utrum</span> <span class='ocrx_word' id='word_1_116' title='bbox 984 1837 985 1914; x_wconf 73' lang='lat' dir='ltr'>t</span> 
     </span>
     <span class='ocr_line' id='line_1_19' title="bbox 220 1948 862 2021; baseline -0.007 -15"><span class='ocrx_word' id='word_1_117' title='bbox 220 1952 364 2006; x_wconf 81' lang='lat' dir='ltr'>Roussaeus</span> <span class='ocrx_word' id='word_1_118' title='bbox 376 1951 501 2021; x_wconf 82' lang='lat' dir='ltr'>geminus</span> <span class='ocrx_word' id='word_1_119' title='bbox 512 1951 555 2012; x_wconf 85' lang='lat' dir='ltr'>sit,</span> <span class='ocrx_word' id='word_1_120' title='bbox 569 1949 729 2019; x_wconf 85' lang='lat' dir='ltr'>geminnsvc</span> <span class='ocrx_word' id='word_1_121' title='bbox 743 1948 862 2004; x_wconf 77' lang='lat' dir='ltr'>Charon.</span> 
     </span>
    </p>
   </div>
   <div class='ocr_carea' id='block_1_3' title="bbox 336 2409 880 2471">
    <p class='ocr_par' dir='ltr' id='par_1_11' title="bbox 336 2391 984 2537">
     <span class='ocr_line' id='line_1_20' title="bbox 336 2409 880 2471; baseline -0.003 -1"><span class='ocrx_word' id='word_1_122' title='bbox 336 2416 591 2471; x_wconf 78' lang='lat' dir='ltr'>nrrnnnruuu</span> <span class='ocrx_word' id='word_1_123' title='bbox 612 2416 653 2469; x_wconf 79' lang='lat' dir='ltr'>nu</span> <span class='ocrx_word' id='word_1_124' title='bbox 675 2415 824 2469; x_wconf 73' lang='lat' dir='ltr'>crusni.</span> <span class='ocrx_word' id='word_1_125' title='bbox 877 2409 880 2414; x_wconf 85' lang='grc'><strong><em>·</em></strong></span> 
     </span>
    </p>
   </div>
   <div class='ocr_carea' id='block_1_4' title="bbox 185 2601 978 3056">
    <p class='ocr_par' dir='ltr' id='par_1_12' title="bbox 185 2601 862 2676">
     <span class='ocr_line' id='line_1_21' title="bbox 185 2601 862 2676; baseline -0.003 -21"><span class='ocrx_word' id='word_1_126' title='bbox 185 2602 324 2656; x_wconf 71' lang='lat' dir='ltr'>Prurnms</span> <span class='ocrx_word' id='word_1_127' title='bbox 345 2602 388 2656; x_wconf 91' lang='lat' dir='ltr'>hic</span> <span class='ocrx_word' id='word_1_128' title='bbox 404 2603 440 2657; x_wconf 88' lang='lat' dir='ltr'>Iri</span> <span class='ocrx_word' id='word_1_129' title='bbox 451 2605 592 2674; x_wconf 85' lang='lat' dir='ltr'>requiesco</span> <span class='ocrx_word' id='word_1_130' title='bbox 607 2605 746 2676; x_wconf 84' lang='lat' dir='ltr'>Lyciscus,</span> <span class='ocrx_word' id='word_1_131' title='bbox 761 2601 862 2664; x_wconf 87' lang='lat' dir='ltr'>herilis,</span> 
     </span>
    </p>

    <p class='ocr_par' dir='ltr' id='par_1_13' title="bbox 185 2700 840 2770">
     <span class='ocr_line' id='line_1_22' title="bbox 185 2700 840 2770; baseline -0.003 -17"><span class='ocrx_word' id='word_1_132' title='bbox 185 2700 259 2753; x_wconf 88' lang='lat' dir='ltr'>Dum</span> <span class='ocrx_word' id='word_1_133' title='bbox 272 2700 334 2762; x_wconf 82' lang='lat' dir='ltr'>vixi,</span> <span class='ocrx_word' id='word_1_134' title='bbox 348 2700 434 2754; x_wconf 80' lang='lat' dir='ltr'>tutela</span> <span class='ocrx_word' id='word_1_135' title='bbox 445 2701 509 2770; x_wconf 86' lang='lat' dir='ltr'>vigil</span> <span class='ocrx_word' id='word_1_136' title='bbox 520 2701 702 2770; x_wconf 88' lang='lat' dir='ltr'>columenque</span> <span class='ocrx_word' id='word_1_137' title='bbox 713 2706 840 2761; x_wconf 82' lang='lat' dir='ltr'>senectae,</span> 
     </span>
    </p>

    <p class='ocr_par' dir='ltr' id='par_1_14' title="bbox 185 2795 978 3056">
     <span class='ocr_line' id='line_1_23' title="bbox 185 2795 831 2860; baseline 0 -12"><span class='ocrx_word' id='word_1_138' title='bbox 185 2796 250 2849; x_wconf 86' lang='lat' dir='ltr'>Dux</span> <span class='ocrx_word' id='word_1_139' title='bbox 262 2812 332 2849; x_wconf 74' lang='lat' dir='ltr'>cerco</span> <span class='ocrx_word' id='word_1_140' title='bbox 344 2795 430 2850; x_wconf 84' lang='lat' dir='ltr'>fidus:</span> <span class='ocrx_word' id='word_1_141' title='bbox 451 2814 509 2860; x_wconf 87' lang='lat' dir='ltr'>nec,</span> <span class='ocrx_word' id='word_1_142' title='bbox 524 2814 569 2851; x_wconf 90' lang='lat' dir='ltr'>me</span> <span class='ocrx_word' id='word_1_143' title='bbox 581 2799 706 2860; x_wconf 85' lang='lat' dir='ltr'>ducente.</span> <span class='ocrx_word' id='word_1_144' title='bbox 721 2797 831 2858; x_wconf 84' lang='lat' dir='ltr'>solebat,</span> 
     </span>
     <span class='ocr_line' id='line_1_24' title="bbox 185 2892 978 2964; baseline 0.005 -20"><span class='ocrx_word' id='word_1_145' title='bbox 185 2892 322 2946; x_wconf 87' lang='lat' dir='ltr'>Prsetenso</span> <span class='ocrx_word' id='word_1_146' title='bbox 335 2893 397 2946; x_wconf 93' lang='lat' dir='ltr'>hinc</span> <span class='ocrx_word' id='word_1_147' title='bbox 409 2901 491 2962; x_wconf 82' lang='lat' dir='ltr'>atque</span> <span class='ocrx_word' id='word_1_148' title='bbox 503 2895 566 2948; x_wconf 92' lang='lat' dir='ltr'>hinc</span> <span class='ocrx_word' id='word_1_149' title='bbox 579 2895 683 2958; x_wconf 80' lang='lat' dir='ltr'>baculo,</span> <span class='ocrx_word' id='word_1_150' title='bbox 698 2911 745 2964; x_wconf 89' lang='lat' dir='ltr'>per</span> <span class='ocrx_word' id='word_1_151' title='bbox 757 2894 849 2964; x_wconf 78' lang='lat' dir='ltr'>inique</span> <span class='ocrx_word' id='word_1_152' title='bbox 859 2896 978 2953; x_wconf 86' lang='lat' dir='ltr'>locorum</span> 
     </span>
     <span class='ocr_line' id='line_1_25' title="bbox 186 2986 823 3056; baseline 0.011 -19"><span class='ocrx_word' id='word_1_153' title='bbox 186 2986 319 3041; x_wconf 82' lang='lat' dir='ltr'>Incertum</span> <span class='ocrx_word' id='word_1_154' title='bbox 332 2989 471 3056; x_wconf 83' lang='lat' dir='ltr'>explorare</span> <span class='ocrx_word' id='word_1_155' title='bbox 484 2991 569 3052; x_wconf 67' lang='lat' dir='ltr'>vinnm</span> <span class='ocrx_word' id='word_1_156' title='bbox 589 2991 637 3046; x_wconf 89' lang='lat' dir='ltr'>sed</span> <span class='ocrx_word' id='word_1_157' title='bbox 650 2991 693 3044; x_wconf 84' lang='lat' dir='ltr'>fiis</span> <span class='ocrx_word' id='word_1_158' title='bbox 705 2999 823 3054; x_wconf 88' lang='lat' dir='ltr'>secutus,</span> 
     </span>
    </p>
   </div>
   <div class='ocr_carea' id='block_1_5' title="bbox 0 0 1005 3398">
    <p class='ocr_par' dir='ltr' id='par_1_15' title="bbox 0 0 1005 3398">
     <span class='ocr_line' id='line_1_26' title="bbox 0 0 1005 3398; baseline 0 0"><span class='ocrx_word' id='word_1_159' title='bbox 0 0 1005 3398; x_wconf 95' lang='lat' dir='ltr'> </span> 
     </span>
    </p>
   </div>
  </div>
 </body>
</html>
