1994 3398
272 164 300 200 iu
320 163 425 200 oniuuu
444 141 573 222 ennesii.
772 153 822 202 13⁵

25 303 99 356 Mille
111 303 209 356 domos
221 301 309 362 adeas,
324 309 351 354 et
364 317 419 356 non
432 302 549 370 ignobile
561 319 662 358 munus

57 400 157 468 (Nulla
168 389 258 452 minus
271 399 369 467 solido)
383 399 449 452 dent
460 400 509 453 tibi
518 400 592 454 mille
600 401 714 462 domuse

25 501 171 568 Quemque
189 499 292 551 bonum
309 503 421 566 exoptas
439 498 525 559 nobis,
540 497 691 567 iaetumque
705 499 821 554 Decem-

90 599 177 658 brem,

56 695 125 747 Esto
138 693 188 747 tibi
199 693 298 762 pariter
309 693 395 754 iaetus,
410 699 438 746 et
450 700 510 747 esto
519 693 616 746 bonus.

205 1253 247 1306 IN
269 1252 426 1308 OBITUM
446 1255 634 1318 ROUSSAEI.

30 1449 166 1484 eumenio
185 1448 342 1484 mumius
359 1449 437 1486 suavi
456 1453 472 1484 A
490 1449 640 1497 eumcum,
658 1453 731 1488 Auno
751 1439 822 1491 1721.

23 1651 106 1706 Am
122 1651 239 1715 Charon,
260 1653 333 1720 (nam
347 1653 456 1708 tandem
468 1669 572 1716 omnes,
587 1654 634 1723 qui
646 1654 781 1710 nascimur
793 1662 821 1709 et

89 1751 139 1819 qui

56 1846 217 1910 Neseemur,
232 1852 280 1900 tua
291 1862 342 1900 nos
354 1847 452 1917 eymbu
462 1847 609 1917 aliquando
622 1852 738 1918 manet.)

23 1940 73 1995 Per
85 1942 156 2012 ripae
168 1941 210 1997 ier
222 1943 324 1998 circum
336 1943 440 2007 oculos,
454 1961 605 2014 omnesque
617 1961 729 2000 recense

57 2039 162 2100 Manes.
177 2040 212 2093 ad
226 2040 333 2110 Stygius
345 2041 392 2111 qui
403 2041 589 2111 glomerantur
600 2058 700 2111 aqum

23 2133 158 2204 Prmpice,
173 2137 196 2190 si
208 2153 322 2190 erassem
334 2137 391 2192 sors
403 2138 585 2207 exploraveris
598 2140 728 2202 umbram,

58 2232 121 2286 Non
135 2241 177 2287 est
189 2235 217 2287 in
230 2241 289 2288 toto
302 2236 415 2289 crassior
427 2236 522 2290 umbra
533 2235 603 2290 loeo.

23 2328 185 2384 Luctantem
198 2346 301 2392 cernes,
315 2331 472 2399 animasque
483 2331 545 2384 hinc
558 2331 622 2385 inde
635 2333 752 2388 minores

58 2426 235 2489 Turbaniem‚
250 2433 281 2480 ut
293 2428 384 2482 cubito
394 2429 492 2498 pandat
501 2437 619 2498 utroque
632 2430 710 2484 viam.

22 2521 166 2590 Squalidus
178 2531 206 2577 et
219 2524 325 2593 pinguis
338 2531 422 2586 totus,
436 2526 485 2579 tibi
498 2527 589 2579 navita
600 2527 722 2581 dextram

59 2618 173 2683 Tendet,
188 2621 222 2674 ad
235 2620 321 2692 Elysii
332 2622 506 2692 injiciendus
518 2639 604 2691 egros.

21 2713 98 2768 Dum
110 2717 185 2781 vixit,
201 2717 347 2773 Rouseaeus
360 2726 425 2781 erat,
440 2721 527 2774 nostri
538 2721 629 2774 accola
642 2721 726 2783 Cumi,

63 2812 148 2874 Quem
160 2833 276 2885 puerum
290 2819 372 2880 novit,
388 2819 464 2873 novit
476 2827 503 2872 et
516 2819 590 2872 unda
601 2835 702 2873 senem.

24 2908 121 2965 Navita
132 2929 187 2966 non
200 2914 247 2966 ilio
260 2914 354 2968 melior
366 2914 433 2975 iuit;
455 2922 527 2968 esset
538 2916 643 2982 agenda

64 3006 112 3062 Seu
125 3011 213 3073 remis,
228 3018 310 3064 conto
323 3028 372 3064 eeu
385 3012 540 3078 subigenda,
556 3012 627 3064 ratis.
