2002 3400
164 121 218 174 2³⁵⁰
342 135 412 174 orus
431 137 480 174 rer
499 133 710 182 coeuoecrmrre,
726 133 792 174 erc,

199 273 271 326 Nom
281 273 304 327 ei
315 289 372 334 non
383 274 441 328 niiie
453 291 514 328 sese
526 275 638 329 vinxere
650 277 752 330 catenis

164 368 352 423 Fundamenta
364 369 445 432 orbis,
459 370 484 424 ei
495 370 569 422 nulle
580 371 641 438 iege
653 378 792 432 tenentur,

165 464 221 517 Cur
233 480 288 517 non
302 464 435 526 materies,
451 465 550 518 veteris
563 465 608 518 vix
619 466 824 526 immemorum,

164 559 273 614 Rursus
286 560 356 614 belle
368 561 430 623 ciet,
446 561 731 630 renovataquepraeiia
742 562 849 624 miscet,

163 655 341 724 Disruptique
354 657 407 709 ruit
420 657 506 710 moles
516 664 543 709 et
556 657 680 709 maehina
691 657 808 710 mundi?
988 643 989 646 Ἴ

165 753 233 814 Quae
245 769 378 821 suspense
390 759 466 806 tenet
479 753 582 821 liquido
595 754 635 806 vis
648 770 761 821 corpora
773 753 866 806 caelo?

164 848 246 901 Unde
259 855 308 910 est,
327 849 400 916 quod
413 863 507 915 pacem
522 847 657 901 Saturnus
669 864 732 900 cum
744 847 816 902 Jove
825 857 917 903 servet
942 876 949 894 ·

163 943 344 1012 Perpetuam
365 961 455 1012 neque
467 945 537 998 belle
548 951 624 1012 paret
637 944 709 996 Mars
717 943 883 1011 proximus?
898 945 958 998 unde

163 1039 309 1094 Limitibus
321 1039 381 1093 fixis
394 1047 524 1093 contenta
536 1039 651 1093 Venus?
670 1055 760 1108 neque
772 1047 879 1093 terram
988 1043 989 1046 ’

165 1135 319 1188 Mercurius
331 1137 422 1204 rapide
435 1135 485 1189 sibi
496 1134 598 1188 furtivo
610 1135 725 1188 attrahat
736 1134 825 1188 orbe?
988 1123 989 1192 i

165 1231 246 1286 Unde
257 1234 296 1294 fit,
311 1241 342 1286 ut
354 1233 438 1286 tristis
450 1238 557 1286 vastum
566 1249 614 1302 per
626 1233 706 1285 inane
718 1229 828 1286 cometa
988 1195 989 1240 1

163 1328 293 1382 Versetur
305 1329 398 1397 rapido
411 1346 474 1382 oum
486 1328 604 1390 turbine,
618 1345 670 1382 nec
682 1335 773 1381 tamen
788 1329 866 1382 ultre

163 1424 287 1492 Ellipsim
298 1425 414 1493 positam
427 1425 515 1478 valeat
526 1431 668 1493 certasque
681 1424 771 1492 vagari

165 1519 269 1580 Metas;
294 1520 359 1588 quin
372 1520 472 1572 iterum
485 1521 585 1582 redeat,
600 1536 737 1588 cursuque
749 1526 864 1588 peracto

165 1616 221 1670 Ter
233 1622 345 1669 centum
357 1632 500 1678 annorum,
516 1615 595 1668 terris
606 1615 690 1668 ferale
703 1616 863 1676 rubentem⁴

165 1712 294 1766 Ostentet
306 1710 418 1774 crinem,
433 1718 460 1765 et
473 1712 559 1764 cauda
571 1717 718 1779 perterreat
731 1709 847 1764 orbem?

165 1808 216 1863 His
229 1825 318 1876 super,
333 1809 433 1862 infixus
445 1808 522 1870 solio,
538 1807 580 1861 sol
591 1807 717 1861 vendicat
728 1806 819 1860 almus

165 1905 369 1973 imperiumne
382 1905 521 1958 discordes
530 1904 611 1957 simul
622 1904 732 1958 orbibus
745 1903 826 1956 orbes

97 2013 99 2017 ’
165 2001 349 2064 Coniundant,
364 2001 522 2069 subitasque
534 1999 641 2052 trahent
653 2014 747 2051 secum
759 1996 824 2049 inde
837 1996 938 2050 ruinae.

167 2099 204 2151 At
216 2096 317 2150 frustra
328 2096 410 2164 longe
422 2095 549 2148 distantia
561 2109 674 2161 corpora
687 2092 804 2145 Phoebus

165 2191 282 2260 Imperio
294 2196 438 2259 premeret,
453 2190 505 2243 nisi
518 2189 558 2242 vis
571 2189 686 2242 divinior
698 2187 750 2240 illis

165 2287 289 2349 Incubet,
304 2286 437 2343 immense
449 2285 544 2337 mnndi
556 2300 586 2337 se
599 2283 671 2336 mole
683 2281 841 2335 remisoens.

201 2382 334 2436 Praeterea
346 2381 438 2434 nullus
448 2381 470 2434 si
482 2380 592 2448 spiritus
604 2379 678 2432 intus
689 2379 777 2431 alebat

166 2481 277 2542 Orbem,
291 2479 339 2547 qni
351 2479 446 2531 dextra
457 2477 553 2530 mundi
562 2483 701 2545 torqueret
714 2475 843 2536 habenae,

167 2576 235 2638 Quis
248 2574 396 2628 matutinos
408 2573 488 2634 soles,
503 2579 691 2640 nocturnaque
703 2571 770 2623 roris

164 2671 284 2724 Distillat
297 2670 468 2736 domumque
481 2674 594 2721 exornat
605 2667 728 2735 frugibus
737 2665 862 2718 annum?

167 2763 236 2823 Quis
248 2763 382 2815 moriente
394 2763 438 2814 die
450 2761 594 2815 candentia
603 2762 691 2814 sidera
703 2760 777 2814 nasci

164 2855 295 2916 iusserat,
309 2857 476 2923 nocendique
489 2857 577 2909 alieno
589 2857 693 2909 lumine
702 2855 816 2909 lunam?

167 2947 236 3007 Quis
249 2953 347 3000 terram
359 2950 446 3016 pingit
459 2949 643 3017 decoratque?
662 2951 766 3020 injusso
777 2950 925 3006 virescunt
