1994 3398
268 149 349 186 LUCIA
368 149 402 184 ΕΤ
421 149 556 186 CORYDON.

36 288 100 349 Quo
113 286 212 340 minuit
224 287 323 349 studio,
338 302 392 354 quo
405 287 498 356 longas
512 286 610 354 decipit
622 286 722 341 horas?

70 383 172 437 Nonne
184 383 286 451 aliquot
298 390 404 436 teneras
416 383 464 436 lux
474 400 535 437 mea
543 391 631 437 servat
643 383 727 438 oves?

35 478 135 533 Nullus
148 496 193 533 eas
202 478 275 541 felix,
291 479 382 532 nullus
394 480 482 533 brevis
494 480 622 534 abstrahit
636 497 717 542 error,

68 574 145 627 Dum
156 573 251 626 furtim
263 591 374 628 somnus
386 575 489 629 lumina
501 575 601 628 claudit
613 575 705 630 herae?

35 671 178 724 Murmure
187 671 312 740 jucundo
324 672 433 725 mollem
446 673 560 725 suadere
572 688 697 740 soporem

70 769 99 823 Si
110 769 196 837 possit
209 769 279 822 votis
293 768 390 822 Tueda
401 771 521 823 secunda
533 771 615 830 meis;

35 864 207 918 Ambrosiam
219 864 302 927 labiis,
317 865 437 918 animum
449 881 511 934 quoe
523 866 641 919 muleeat
654 881 761 934 aegrum,

69 959 216 1027 Laetusque
228 967 256 1013 et
269 959 374 1022 tacitus,
389 960 550 1029 surripuisse
559 961 649 1014 velim.

31 1155 163 1222 vulgares
174 1155 245 1208 inter
253 1155 373 1209 flammas
385 1172 461 1209 meus
475 1156 571 1209 emicat
581 1156 659 1224 ignis,

68 1250 107 1304 Ut
119 1266 253 1319 nusquam
265 1251 351 1304 torma
363 1250 482 1321 nympha
494 1251 529 1304 sit
541 1252 595 1305 ulla
606 1252 680 1321 pari:

33 1348 159 1402 Pluribus
171 1365 188 1400 a
199 1348 326 1416 pulchris,
340 1366 356 1401 a
368 1349 441 1402 mille
453 1355 480 1402 et
493 1349 565 1403 mille
578 1351 707 1413 venustis,

66 1445 248 1514 Distinguunt
260 1445 342 1498 vitam
354 1445 439 1514 gratia
451 1446 535 1499 multa
547 1463 643 1499 meam.

31 1541 199 1604 Suaviolum,
214 1542 279 1611 quin
291 1541 356 1600 sare.
369 1558 475 1602 meum;
496 1560 554 1612 quae
566 1559 664 1611 pascua
677 1544 788 1606 malunt,

68 1638 126 1691 Aut
139 1637 193 1700 ubi,
209 1638 260 1690 sub
272 1637 362 1690 medio
374 1638 439 1700 sole,
455 1646 585 1707 vagantur
601 1639 684 1694 oves?

32 1735 75 1787 Ad
90 1735 173 1787 Tavae
186 1740 305 1786 errantes
318 1749 437 1802 quaeram
449 1734 559 1788 sinuosa
569 1735 690 1789 fluenta?

66 1831 230 1891 Quaeramve
241 1827 276 1881 ad
291 1828 392 1881 Tuedae
405 1830 564 1884 candidioris
576 1831 693 1900 aquam?

218 2151 340 2206 LUCIA
360 2151 411 2205 ΕΤ
433 2151 634 2208 CORYDON.

29 2311 118 2373 Quas,
133 2326 265 2363 venerum
277 2309 401 2363 foeeunda
412 2325 516 2379 parens,
533 2308 652 2378 Lagenia
668 2308 751 2371 novit,

64 2407 152 2462 Lucia
162 2406 310 2461 formarum
322 2406 414 2474 gloria,
428 2406 532 2474 flosque
541 2405 593 2458 fuit
605 2427 611 2457 ε

29 2503 83 2556 Ora
96 2519 148 2556 nec
160 2509 273 2570 aspectu
285 2509 339 2554 tam
349 2501 408 2554 laeta
420 2507 447 2554 et
458 2500 571 2569 pulchra
585 2500 698 2556 Modoni

62 2599 190 2652 Flumine
202 2598 237 2650 de
249 2597 350 2666 liquido
364 2613 431 2666 pura
443 2597 547 2652 reflexit
556 2614 633 2666 aqua.

28 2695 80 2747 Sed
94 2695 181 2756 dolor,
197 2700 224 2746 et
236 2711 315 2757 curae,
330 2693 441 2747 laetabile
454 2692 582 2764 quicquid
595 2693 715 2755 edentes,

61 2791 211 2861 Egregium
223 2791 324 2844 sensim
336 2791 487 2844 diminuere
499 2791 598 2851 decus3

27 2890 79 2942 Sed
93 2889 226 2957 deceptus
238 2905 313 2941 amor
325 2888 436 2956 carptim
448 2887 562 2956 privavit
575 2887 675 2940 ocellos

60 2986 194 3048 Gemmis‚
210 2984 318 3039 curaliis
330 2985 409 3047 labra,
425 2985 547 3052 rosisque
559 2999 650 3052 genas.

665 3096 682 3128 n
698 3083 713 3127 3
