1994 3398
180 153 325 190 uuuluuuo
344 153 477 190 SUSANNAE
495 153 675 190 vnusulcsnu.
797 142 830 196 73

29 302 52 328 “
62 295 151 348 Sueve
163 311 265 356 meum,
281 303 308 349 et
321 295 375 349 vitu
389 296 515 350 Susanna
526 312 543 350 o
556 295 642 349 carior
654 294 718 362 ipsa,

69 392 139 445 Sunt
151 409 220 454 mea,
235 409 294 461 quae
307 393 376 455 vovi,
391 399 456 446 sunt
469 393 517 446 tibi
532 399 594 446 vote
607 398 682 452 ruta;

32 489 201 543 Pendentem
215 470 249 543 ex
257 490 337 544 oculo
350 490 384 543 da
392 507 526 560 gemmam
540 489 682 543 exosculcr
693 489 764 546 illam
772 511 781 546 ,ε

69 585 177 638 Grutior
188 591 220 638 ut
232 585 321 639 reditu
334 585 377 647 sit,
394 585 549 640 Gulielmus
561 585 626 640 abit.

32 683 98 744 Quo
110 682 181 744 velit.
199 683 310 736 inclinet
326 690 442 743 ventus;
462 691 490 737 te
504 689 596 752 verget
609 683 642 737 ed
655 699 737 736 unani

68 779 236 840 (iciunum,
251 787 283 833 ut
290 781 328 833 -ed
341 782 450 838 boreum
463 780 571 834 nautica
583 780 670 850 vergit
683 797 756 834 acus.

31 1035 144 1089 “Terre
156 1035 286 1102 degentes
298 1033 389 1095 vitem,
401 1041 449 1087 lua
459 1040 570 1102 pectore
578 1033 632 1086 fida

69 1133 228 1186 Tentubunl
241 1132 323 1186 dubio
336 1131 470 1186 solicitere
481 1139 570 1185 metu:

31 1230 64 1284 Iu
78 1229 175 1298 quovis
187 1237 277 1298 portu,
293 1229 354 1295 (sed
366 1227 423 1281 noli
431 1225 469 1281 ol
488 1228 612 1296 credere)
625 1228 724 1288 dicent.

68 1327 166 1388 Nolite,
182 1325 255 1394 quod
267 1325 396 1379 accendat
407 1324 508 1379 mobile
520 1332 624 1393 pectus,
640 1325 728 1379 habet.

31 1424 105 1486 Quin
118 1421 151 1477 o!
172 1423 238 1492 quin
251 1423 361 1484 credun
381 1422 565 1492 quodcunque
577 1423 694 1476 invisere
706 1423 790 1486 littus,

63 1521 112 1577 ‘l'u
124 1519 199 1582 mihi,
214 1526 246 1572 tu
257 1535 374 1586 presens
386 1518 455 1588 ignis
466 1525 494 1572 et
505 1519 584 1578 ardor
598 1519 659 1572 eris.

26 1773 47 1798 ¹¹
57 1765 122 1820 Sive
136 1763 222 1817 Indus
234 1779 410 1831 gemmarum,
425 1761 513 1815 eboris
525 1777 575 1815 seu
586 1759 681 1815 fertilis
698 1761 771 1824 Afer,

63 1863 121 1917 Seu
133 1861 200 1915 mihi
212 1859 340 1914 visendus
352 1859 427 1912 dives
440 1858 530 1913 odoris
545 1859 649 1912 Arabs:

28 1959 96 2014 Esse
109 1958 185 2013 domi
195 1964 307 2012 cunctas
319 1964 411 2011 tecum
423 1957 554 2025 reputabo
569 1956 682 2019 relictas,

63 2056 141 2116 Quas
153 2060 273 2108 ostentet
288 2054 383 2114 Arabs,
401 2052 476 2116 Afer,
492 2059 520 2106 et
534 2051 628 2115 Indus,
644 2069 717 2120 opes.

25 2152 223 2220 Quodcunque
231 2149 378 2219 egregium,
393 2148 544 2216 pulchrum,
560 2148 603 2201 vel
617 2148 697 2202 dulce
709 2149 813 2210 videbo,
887 2179 891 2190 ·

62 2250 199 2303 Occurret
207 2247 342 2316 quiddam,
358 2247 430 2315 quod
444 2247 606 2307 memorabo,
621 2245 670 2298 tui.

27 2507 44 2528 ‘¹
57 2501 126 2565 Nec,
143 2517 204 2556 meu
213 2501 272 2563 lux,
288 2500 396 2562 doleue;
416 2500 507 2569 patrie
518 2499 542 2554 si
554 2517 636 2555 ceusu
647 2499 773 2570 requirat,

60 2597 99 2654 Uo
111 2596 209 2666 procul
220 2597 346 2665 amplexu
358 2614 453 2666 poscor
465 2598 499 2651 ad
511 2614 584 2652 erma
597 2605 659 2658 tuo;

27 2694 151 2758 Quidni,
166 2695 299 2749 bellorum
312 2696 359 2765 qui
369 2695 484 2750 fulmine
498 2703 575 2750 tutus
587 2697 620 2750 ab
632 2693 714 2756 omni,

59 2791 126 2846 Post
138 2791 242 2860 aliquot
254 2808 361 2845 menses
374 2792 558 2846 restituendus
572 2810 626 2846 ero.

25 2885 65 2940 Ne
78 2888 176 2942 dulces
188 2888 255 2942 istos
267 2888 424 2942 constrislet
435 2888 516 2941 fletus
529 2887 638 2947 ocellos,

58 2984 136 3040 Mille
147 2985 298 3038 evertendo
309 2985 372 3046 tela,
387 2984 492 3037 cavebit
506 2982 617 3034 Amor.”

697 3089 717 3126 s
