<?xml version="1.0" encoding="UTF-8"?>
<!DOCTYPE html PUBLIC "-//W3C//DTD XHTML 1.0 Transitional//EN"
    "http://www.w3.org/TR/xhtml1/DTD/xhtml1-transitional.dtd">
<html xmlns="http://www.w3.org/1999/xhtml" xml:lang="en" lang="en">
 <head>
  <title>
</title>
<meta http-equiv="Content-Type" content="text/html;charset=utf-8" />
  <meta name='ocr-system' content='tesseract 3.04.00' />
  <meta name='ocr-capabilities' content='ocr_page ocr_carea ocr_par ocr_line ocrx_word'/>
</head>
<body>
  <div class='ocr_page' id='page_1' title='image "./poeticalworksla01bourgoog_0259.png"; bbox 0 0 1986 3398; ppageno 0'>
   <div class='ocr_carea' id='block_1_1' title="bbox 300 152 834 202">
    <p class='ocr_par' dir='ltr' id='par_1_1' title="bbox 300 152 834 202">
     <span class='ocr_line' id='line_1_1' title="bbox 300 152 834 202; baseline 0.007 -5"><span class='ocrx_word' id='word_1_1' title='bbox 300 162 388 200; x_wconf 73' lang='lat' dir='ltr'><strong>nacon</strong></span> <span class='ocrx_word' id='word_1_2' title='bbox 407 163 558 200; x_wconf 72' lang='lat' dir='ltr'><strong>rannerus.</strong></span> <span class='ocrx_word' id='word_1_3' title='bbox 782 152 834 202; x_wconf 78' lang='lat'><strong>239</strong></span> 
     </span>
    </p>
   </div>
   <div class='ocr_carea' id='block_1_2' title="bbox 34 304 834 850">
    <p class='ocr_par' dir='ltr' id='par_1_2' title="bbox 34 304 742 471">
     <span class='ocr_line' id='line_1_2' title="bbox 34 304 742 376; baseline 0.004 -19"><span class='ocrx_word' id='word_1_4' title='bbox 34 304 188 358; x_wconf 77' lang='lat' dir='ltr'><strong>lnnumerae</strong></span> <span class='ocrx_word' id='word_1_5' title='bbox 199 304 307 360; x_wconf 86' lang='lat' dir='ltr'><strong>haleces</strong></span> <span class='ocrx_word' id='word_1_6' title='bbox 320 306 397 360; x_wconf 86' lang='lat' dir='ltr'><strong>doliis</strong></span> <span class='ocrx_word' id='word_1_7' title='bbox 411 306 586 360; x_wconf 77' lang='lat' dir='ltr'><strong>cumulantur</strong></span> <span class='ocrx_word' id='word_1_8' title='bbox 598 307 626 360; x_wconf 92' lang='lat' dir='ltr'><strong>in</strong></span> <span class='ocrx_word' id='word_1_9' title='bbox 639 308 742 376; x_wconf 86' lang='lat' dir='ltr'><strong>amplis,</strong></span> 
     </span>
     <span class='ocr_line' id='line_1_3' title="bbox 71 401 619 471; baseline 0.004 -18"><span class='ocrx_word' id='word_1_10' title='bbox 71 401 108 453; x_wconf 85' lang='lat' dir='ltr'><strong>Et</strong></span> <span class='ocrx_word' id='word_1_11' title='bbox 119 401 275 455; x_wconf 79' lang='lat' dir='ltr'><strong>salsamenti</strong></span> <span class='ocrx_word' id='word_1_12' title='bbox 286 402 413 456; x_wconf 88' lang='lat' dir='ltr'><strong>conditur</strong></span> <span class='ocrx_word' id='word_1_13' title='bbox 425 418 507 456; x_wconf 87' lang='lat' dir='ltr'><strong>omne</strong></span> <span class='ocrx_word' id='word_1_14' title='bbox 523 419 619 471; x_wconf 85' lang='lat' dir='ltr'><strong>genus.</strong></span> 
     </span>
    </p>

    <p class='ocr_par' dir='ltr' id='par_1_3' title="bbox 36 495 834 661">
     <span class='ocr_line' id='line_1_4' title="bbox 36 495 834 566; baseline 0.004 -17"><span class='ocrx_word' id='word_1_15' title='bbox 36 495 120 564; x_wconf 80' lang='lat' dir='ltr'><strong>Caepe</strong></span> <span class='ocrx_word' id='word_1_16' title='bbox 131 513 215 550; x_wconf 89' lang='lat' dir='ltr'><strong>manu</strong></span> <span class='ocrx_word' id='word_1_17' title='bbox 228 503 270 550; x_wconf 89' lang='lat' dir='ltr'><strong>est</strong></span> <span class='ocrx_word' id='word_1_18' title='bbox 282 496 377 565; x_wconf 88' lang='lat' dir='ltr'><strong>majus,</strong></span> <span class='ocrx_word' id='word_1_19' title='bbox 389 505 554 566; x_wconf 86' lang='lat' dir='ltr'><strong>paetumque,</strong></span> <span class='ocrx_word' id='word_1_20' title='bbox 569 498 605 550; x_wconf 91' lang='lat' dir='ltr'><strong>oh</strong></span> <span class='ocrx_word' id='word_1_21' title='bbox 617 513 718 552; x_wconf 88' lang='lat' dir='ltr'><strong>nausea</strong></span> <span class='ocrx_word' id='word_1_22' title='bbox 730 499 816 566; x_wconf 86' lang='lat' dir='ltr'><strong>turpis</strong></span> <span class='ocrx_word' id='word_1_23' title='bbox 828 498 834 552; x_wconf 85' lang='lat' dir='ltr'><strong>l</strong></span> 
     </span>
     <span class='ocr_line' id='line_1_5' title="bbox 73 590 670 661; baseline 0.003 -17"><span class='ocrx_word' id='word_1_24' title='bbox 73 590 145 644; x_wconf 87' lang='lat' dir='ltr'><strong>Hinc</strong></span> <span class='ocrx_word' id='word_1_25' title='bbox 157 592 240 661; x_wconf 84' lang='lat' dir='ltr'><strong>longe</strong></span> <span class='ocrx_word' id='word_1_26' title='bbox 253 597 394 655; x_wconf 71' lang='lat' dir='ltr'><strong>emuncta,</strong></span> <span class='ocrx_word' id='word_1_27' title='bbox 412 592 521 656; x_wconf 87' lang='lat' dir='ltr'><strong>Cottile,</strong></span> <span class='ocrx_word' id='word_1_28' title='bbox 537 593 608 646; x_wconf 87' lang='lat' dir='ltr'><strong>naris</strong></span> <span class='ocrx_word' id='word_1_29' title='bbox 619 594 670 646; x_wconf 91' lang='lat' dir='ltr'><strong>abi.</strong></span> 
     </span>
    </p>

    <p class='ocr_par' dir='ltr' id='par_1_4' title="bbox 38 688 745 850">
     <span class='ocr_line' id='line_1_6' title="bbox 38 688 745 752; baseline 0.003 -10"><span class='ocrx_word' id='word_1_30' title='bbox 38 689 106 750; x_wconf 79' lang='lat' dir='ltr'><strong>Quae</strong></span> <span class='ocrx_word' id='word_1_31' title='bbox 118 695 147 742; x_wconf 86' lang='lat' dir='ltr'><strong>te</strong></span> <span class='ocrx_word' id='word_1_32' title='bbox 159 689 227 742; x_wconf 88' lang='lat' dir='ltr'><strong>adeo</strong></span> <span class='ocrx_word' id='word_1_33' title='bbox 240 688 390 752; x_wconf 84' lang='lat' dir='ltr'><strong>offendunt,</strong></span> <span class='ocrx_word' id='word_1_34' title='bbox 408 689 559 744; x_wconf 87' lang='lat' dir='ltr'><strong>Thamisini</strong></span> <span class='ocrx_word' id='word_1_35' title='bbox 571 697 635 744; x_wconf 88' lang='lat' dir='ltr'><strong>sunt</strong></span> <span class='ocrx_word' id='word_1_36' title='bbox 648 707 680 744; x_wconf 84' lang='lat' dir='ltr'><strong>ea</strong></span> <span class='ocrx_word' id='word_1_37' title='bbox 692 691 745 744; x_wconf 90' lang='lat' dir='ltr'><strong>vici</strong></span> 
     </span>
     <span class='ocr_line' id='line_1_7' title="bbox 73 783 728 850; baseline 0.005 -13"><span class='ocrx_word' id='word_1_38' title='bbox 73 783 197 846; x_wconf 60' lang='lat' dir='ltr'><strong>nivium</strong></span> <span class='ocrx_word' id='word_1_39' title='bbox 218 793 246 838; x_wconf 88' lang='lat' dir='ltr'><strong>et</strong></span> <span class='ocrx_word' id='word_1_40' title='bbox 260 792 348 840; x_wconf 88' lang='lat' dir='ltr'><strong>cessat</strong></span> <span class='ocrx_word' id='word_1_41' title='bbox 360 786 477 850; x_wconf 91' lang='lat' dir='ltr'><strong>lucrum,</strong></span> <span class='ocrx_word' id='word_1_42' title='bbox 493 787 540 841; x_wconf 92' lang='lat' dir='ltr'><strong>ubi</strong></span> <span class='ocrx_word' id='word_1_43' title='bbox 552 794 639 842; x_wconf 87' lang='lat' dir='ltr'><strong>cessat</strong></span> <span class='ocrx_word' id='word_1_44' title='bbox 652 787 728 841; x_wconf 88' lang='lat' dir='ltr'><strong>odor.</strong></span> 
     </span>
    </p>
   </div>
   <div class='ocr_carea' id='block_1_3' title="bbox 251 1467 623 1526">
    <p class='ocr_par' dir='ltr' id='par_1_5' title="bbox 251 1467 623 1526">
     <span class='ocr_line' id='line_1_8' title="bbox 251 1467 623 1526; baseline 0.005 -4"><span class='ocrx_word' id='word_1_45' title='bbox 251 1467 386 1523; x_wconf 80' lang='lat' dir='ltr'><strong>Ducon</strong></span> <span class='ocrx_word' id='word_1_46' title='bbox 407 1469 623 1526; x_wconf 82' lang='lat' dir='ltr'><strong>INEMPTUS.</strong></span> 
     </span>
    </p>
   </div>
   <div class='ocr_carea' id='block_1_4' title="bbox 36 1743 830 3058">
    <p class='ocr_par' dir='ltr' id='par_1_6' title="bbox 37 1743 767 1912">
     <span class='ocr_line' id='line_1_9' title="bbox 37 1743 767 1817; baseline 0.005 -20"><span class='ocrx_word' id='word_1_47' title='bbox 37 1743 161 1798; x_wconf 70' lang='lat' dir='ltr'><strong>Furrina</strong></span> <span class='ocrx_word' id='word_1_48' title='bbox 173 1745 313 1800; x_wconf 87' lang='lat' dir='ltr'><strong>munditiis</strong></span> <span class='ocrx_word' id='word_1_49' title='bbox 325 1747 447 1815; x_wconf 83' lang='lat' dir='ltr'><strong>simplex,</strong></span> <span class='ocrx_word' id='word_1_50' title='bbox 462 1748 594 1817; x_wconf 86' lang='lat' dir='ltr'><strong>cultuque</strong></span> <span class='ocrx_word' id='word_1_51' title='bbox 606 1749 704 1816; x_wconf 88' lang='lat' dir='ltr'><strong>pudica</strong></span> <span class='ocrx_word' id='word_1_52' title='bbox 716 1755 767 1811; x_wconf 87' lang='lat' dir='ltr'><strong>est,</strong></span> 
     </span>
     <span class='ocr_line' id='line_1_10' title="bbox 74 1841 749 1912; baseline 0.009 -21"><span class='ocrx_word' id='word_1_53' title='bbox 74 1841 169 1902; x_wconf 86' lang='lat' dir='ltr'><strong>Quam</strong></span> <span class='ocrx_word' id='word_1_54' title='bbox 181 1841 324 1894; x_wconf 82' lang='lat' dir='ltr'><strong>tremulam</strong></span> <span class='ocrx_word' id='word_1_55' title='bbox 337 1858 353 1894; x_wconf 87' lang='lat' dir='ltr'><strong>a</strong></span> <span class='ocrx_word' id='word_1_56' title='bbox 364 1842 481 1895; x_wconf 89' lang='lat' dir='ltr'><strong>tremula</strong></span> <span class='ocrx_word' id='word_1_57' title='bbox 492 1843 622 1912; x_wconf 88' lang='lat' dir='ltr'><strong>religione</strong></span> <span class='ocrx_word' id='word_1_58' title='bbox 634 1851 749 1897; x_wconf 88' lang='lat' dir='ltr'><strong>vocant:</strong></span> 
     </span>
    </p>

    <p class='ocr_par' dir='ltr' id='par_1_7' title="bbox 36 1935 715 2103">
     <span class='ocr_line' id='line_1_11' title="bbox 36 1935 711 2006; baseline 0.007 -18"><span class='ocrx_word' id='word_1_59' title='bbox 36 1936 95 1999; x_wconf 83' lang='lat' dir='ltr'><strong>Illa,</strong></span> <span class='ocrx_word' id='word_1_60' title='bbox 111 1935 180 1988; x_wconf 92' lang='lat' dir='ltr'><strong>nihil</strong></span> <span class='ocrx_word' id='word_1_61' title='bbox 192 1937 270 1990; x_wconf 84' lang='lat' dir='ltr'><strong>saec&#39;li</strong></span> <span class='ocrx_word' id='word_1_62' title='bbox 281 1937 395 2005; x_wconf 87' lang='lat' dir='ltr'><strong>sapiens,</strong></span> <span class='ocrx_word' id='word_1_63' title='bbox 410 1955 462 1992; x_wconf 90' lang='lat' dir='ltr'><strong>nec</strong></span> <span class='ocrx_word' id='word_1_64' title='bbox 475 1939 573 2006; x_wconf 86' lang='lat' dir='ltr'><strong>crispat</strong></span> <span class='ocrx_word' id='word_1_65' title='bbox 585 1939 619 1992; x_wconf 86' lang='lat' dir='ltr'><strong>ad</strong></span> <span class='ocrx_word' id='word_1_66' title='bbox 631 1955 711 1993; x_wconf 86' lang='lat' dir='ltr'><strong>aures</strong></span> 
     </span>
     <span class='ocr_line' id='line_1_12' title="bbox 72 2031 715 2103; baseline 0.006 -19"><span class='ocrx_word' id='word_1_67' title='bbox 72 2031 196 2095; x_wconf 87' lang='lat' dir='ltr'><strong>Crinem,</strong></span> <span class='ocrx_word' id='word_1_68' title='bbox 211 2048 262 2086; x_wconf 94' lang='lat' dir='ltr'><strong>nec</strong></span> <span class='ocrx_word' id='word_1_69' title='bbox 274 2033 374 2087; x_wconf 90' lang='lat' dir='ltr'><strong>collum</strong></span> <span class='ocrx_word' id='word_1_70' title='bbox 387 2035 472 2088; x_wconf 87' lang='lat' dir='ltr'><strong>nudat</strong></span> <span class='ocrx_word' id='word_1_71' title='bbox 484 2035 518 2088; x_wconf 85' lang='lat' dir='ltr'><strong>ad</strong></span> <span class='ocrx_word' id='word_1_72' title='bbox 530 2051 617 2103; x_wconf 88' lang='lat' dir='ltr'><strong>usque</strong></span> <span class='ocrx_word' id='word_1_73' title='bbox 630 2035 715 2088; x_wconf 90' lang='lat' dir='ltr'><strong>sinus.</strong></span> 
     </span>
    </p>

    <p class='ocr_par' dir='ltr' id='par_1_8' title="bbox 37 2129 718 2294">
     <span class='ocr_line' id='line_1_13' title="bbox 37 2129 718 2199; baseline 0.001 -16"><span class='ocrx_word' id='word_1_74' title='bbox 37 2130 132 2191; x_wconf 85' lang='lat' dir='ltr'><strong>Quam</strong></span> <span class='ocrx_word' id='word_1_75' title='bbox 145 2135 241 2182; x_wconf 89' lang='lat' dir='ltr'><strong>natura</strong></span> <span class='ocrx_word' id='word_1_76' title='bbox 253 2130 335 2193; x_wconf 91' lang='lat' dir='ltr'><strong>dedit,</strong></span> <span class='ocrx_word' id='word_1_77' title='bbox 349 2129 435 2184; x_wconf 80' lang='lat' dir='ltr'><strong>forma</strong></span> <span class='ocrx_word' id='word_1_78' title='bbox 447 2138 583 2193; x_wconf 85' lang='lat' dir='ltr'><strong>contenta.</strong></span> <span class='ocrx_word' id='word_1_79' title='bbox 598 2131 718 2199; x_wconf 86' lang='lat' dir='ltr'><strong>satisque</strong></span> 
     </span>
     <span class='ocr_line' id='line_1_14' title="bbox 73 2223 625 2294; baseline 0.004 -18"><span class='ocrx_word' id='word_1_80' title='bbox 73 2223 203 2286; x_wconf 87' lang='lat' dir='ltr'><strong>Pulchra,</strong></span> <span class='ocrx_word' id='word_1_81' title='bbox 218 2224 368 2294; x_wconf 90' lang='lat' dir='ltr'><strong>adjumenti</strong></span> <span class='ocrx_word' id='word_1_82' title='bbox 379 2225 418 2278; x_wconf 93' lang='lat' dir='ltr'><strong>nil</strong></span> <span class='ocrx_word' id='word_1_83' title='bbox 429 2226 538 2280; x_wconf 84' lang='lat' dir='ltr'><strong>aliunde</strong></span> <span class='ocrx_word' id='word_1_84' title='bbox 550 2226 625 2294; x_wconf 90' lang='lat' dir='ltr'><strong>petit.</strong></span> 
     </span>
    </p>

    <p class='ocr_par' dir='ltr' id='par_1_9' title="bbox 36 2318 723 2484">
     <span class='ocr_line' id='line_1_15' title="bbox 36 2318 723 2386; baseline 0.001 -13"><span class='ocrx_word' id='word_1_85' title='bbox 36 2320 114 2373; x_wconf 88' lang='lat' dir='ltr'><strong>Tota</strong></span> <span class='ocrx_word' id='word_1_86' title='bbox 125 2318 243 2386; x_wconf 88' lang='lat' dir='ltr'><strong>placens,</strong></span> <span class='ocrx_word' id='word_1_87' title='bbox 258 2327 287 2373; x_wconf 87' lang='lat' dir='ltr'><strong>et</strong></span> <span class='ocrx_word' id='word_1_88' title='bbox 298 2326 356 2374; x_wconf 88' lang='lat' dir='ltr'><strong>tota</strong></span> <span class='ocrx_word' id='word_1_89' title='bbox 367 2321 475 2382; x_wconf 77' lang='lat' dir='ltr'><strong>decena,</strong></span> <span class='ocrx_word' id='word_1_90' title='bbox 491 2327 518 2374; x_wconf 87' lang='lat' dir='ltr'><strong>et</strong></span> <span class='ocrx_word' id='word_1_91' title='bbox 530 2327 588 2375; x_wconf 84' lang='lat' dir='ltr'><strong>tota</strong></span> <span class='ocrx_word' id='word_1_92' title='bbox 600 2329 723 2383; x_wconf 88' lang='lat' dir='ltr'><strong>venusta,</strong></span> 
     </span>
     <span class='ocr_line' id='line_1_16' title="bbox 75 2413 679 2484; baseline 0.005 -18"><span class='ocrx_word' id='word_1_93' title='bbox 75 2413 172 2482; x_wconf 82' lang='lat' dir='ltr'><strong>Auget</strong></span> <span class='ocrx_word' id='word_1_94' title='bbox 185 2429 251 2482; x_wconf 88' lang='lat' dir='ltr'><strong>quas</strong></span> <span class='ocrx_word' id='word_1_95' title='bbox 264 2415 341 2478; x_wconf 86' lang='lat' dir='ltr'><strong>celat,</strong></span> <span class='ocrx_word' id='word_1_96' title='bbox 356 2431 477 2484; x_wconf 89' lang='lat' dir='ltr'><strong>quasque</strong></span> <span class='ocrx_word' id='word_1_97' title='bbox 490 2416 593 2469; x_wconf 82' lang='lat' dir='ltr'><strong>revelat</strong></span> <span class='ocrx_word' id='word_1_98' title='bbox 604 2433 679 2484; x_wconf 88' lang='lat' dir='ltr'><strong>opes.</strong></span> 
     </span>
    </p>

    <p class='ocr_par' dir='ltr' id='par_1_10' title="bbox 37 2508 830 2675">
     <span class='ocr_line' id='line_1_17' title="bbox 37 2508 830 2580; baseline -0.001 -16"><span class='ocrx_word' id='word_1_99' title='bbox 37 2510 116 2565; x_wconf 87' lang='lat' dir='ltr'><strong>Huic</strong></span> <span class='ocrx_word' id='word_1_100' title='bbox 127 2508 243 2564; x_wconf 83' lang='lat' dir='ltr'><strong>formam</strong></span> <span class='ocrx_word' id='word_1_101' title='bbox 255 2511 381 2573; x_wconf 87' lang='lat' dir='ltr'><strong>invideat,</strong></span> <span class='ocrx_word' id='word_1_102' title='bbox 396 2528 456 2580; x_wconf 80' lang='lat' dir='ltr'><strong>quae</strong></span> <span class='ocrx_word' id='word_1_103' title='bbox 466 2511 581 2566; x_wconf 87' lang='lat' dir='ltr'><strong>formam</strong></span> <span class='ocrx_word' id='word_1_104' title='bbox 593 2511 707 2566; x_wconf 85' lang='lat' dir='ltr'><strong>accersit</strong></span> <span class='ocrx_word' id='word_1_105' title='bbox 718 2513 751 2565; x_wconf 93' lang='lat' dir='ltr'><strong>ab</strong></span> <span class='ocrx_word' id='word_1_106' title='bbox 764 2518 830 2572; x_wconf 85' lang='lat' dir='ltr'><strong>arte,</strong></span> 
     </span>
     <span class='ocr_line' id='line_1_18' title="bbox 74 2605 592 2675; baseline 0.004 -16"><span class='ocrx_word' id='word_1_107' title='bbox 74 2605 115 2659; x_wconf 82' lang='lat' dir='ltr'><strong>Et</strong></span> <span class='ocrx_word' id='word_1_108' title='bbox 127 2621 189 2674; x_wconf 87' lang='lat' dir='ltr'><strong>pars</strong></span> <span class='ocrx_word' id='word_1_109' title='bbox 201 2607 298 2675; x_wconf 88' lang='lat' dir='ltr'><strong>exigua</strong></span> <span class='ocrx_word' id='word_1_110' title='bbox 310 2615 352 2660; x_wconf 90' lang='lat' dir='ltr'><strong>est</strong></span> <span class='ocrx_word' id='word_1_111' title='bbox 363 2607 420 2674; x_wconf 91' lang='lat' dir='ltr'><strong>ipsa</strong></span> <span class='ocrx_word' id='word_1_112' title='bbox 431 2609 521 2675; x_wconf 82' lang='lat' dir='ltr'><strong>puella</strong></span> <span class='ocrx_word' id='word_1_113' title='bbox 533 2608 592 2661; x_wconf 89' lang='lat' dir='ltr'><strong>sui:</strong></span> 
     </span>
    </p>

    <p class='ocr_par' dir='ltr' id='par_1_11' title="bbox 39 2701 661 2866">
     <span class='ocr_line' id='line_1_19' title="bbox 39 2701 661 2770; baseline -0.005 -12"><span class='ocrx_word' id='word_1_114' title='bbox 39 2703 127 2765; x_wconf 68' lang='lat' dir='ltr'><strong>Quae,</strong></span> <span class='ocrx_word' id='word_1_115' title='bbox 135 2701 206 2754; x_wconf 84' lang='lat' dir='ltr'><strong>male</strong></span> <span class='ocrx_word' id='word_1_116' title='bbox 218 2701 365 2770; x_wconf 82' lang='lat' dir='ltr'><strong>dedignans</strong></span> <span class='ocrx_word' id='word_1_117' title='bbox 375 2703 474 2756; x_wconf 87' lang='lat' dir='ltr'><strong>nativis</strong></span> <span class='ocrx_word' id='word_1_118' title='bbox 487 2703 595 2757; x_wconf 89' lang='lat' dir='ltr'><strong>dotibus</strong></span> <span class='ocrx_word' id='word_1_119' title='bbox 612 2703 661 2764; x_wconf 89' lang='lat' dir='ltr'><strong>uti,</strong></span> 
     </span>
     <span class='ocr_line' id='line_1_20' title="bbox 76 2798 637 2866; baseline -0.007 -12"><span class='ocrx_word' id='word_1_120' title='bbox 76 2798 224 2860; x_wconf 78' lang='lat' dir='ltr'><strong>Ornatam,</strong></span> <span class='ocrx_word' id='word_1_121' title='bbox 238 2814 364 2866; x_wconf 82' lang='lat' dir='ltr'><strong>seseque</strong></span> <span class='ocrx_word' id='word_1_122' title='bbox 378 2798 548 2861; x_wconf 88' lang='lat' dir='ltr'><strong>dehonestet,</strong></span> <span class='ocrx_word' id='word_1_123' title='bbox 563 2799 637 2853; x_wconf 89' lang='lat' dir='ltr'><strong>emit.</strong></span> 
     </span>
    </p>

    <p class='ocr_par' dir='ltr' id='par_1_12' title="bbox 36 2893 775 3058">
     <span class='ocr_line' id='line_1_21' title="bbox 36 2893 768 2965; baseline 0 -17"><span class='ocrx_word' id='word_1_124' title='bbox 36 2895 75 2948; x_wconf 80' lang='lat' dir='ltr'><strong>Et</strong></span> <span class='ocrx_word' id='word_1_125' title='bbox 88 2893 174 2948; x_wconf 89' lang='lat' dir='ltr'><strong>simul</strong></span> <span class='ocrx_word' id='word_1_126' title='bbox 185 2900 321 2961; x_wconf 83' lang='lat' dir='ltr'><strong>agnoscat,</strong></span> <span class='ocrx_word' id='word_1_127' title='bbox 336 2911 449 2949; x_wconf 88' lang='lat' dir='ltr'><strong>veneres</strong></span> <span class='ocrx_word' id='word_1_128' title='bbox 461 2897 569 2965; x_wconf 89' lang='lat' dir='ltr'><strong>quando</strong></span> <span class='ocrx_word' id='word_1_129' title='bbox 581 2895 684 2948; x_wconf 88' lang='lat' dir='ltr'><strong>invidet</strong></span> <span class='ocrx_word' id='word_1_130' title='bbox 696 2895 768 2957; x_wconf 86' lang='lat' dir='ltr'><strong>istas,</strong></span> 
     </span>
     <span class='ocr_line' id='line_1_22' title="bbox 77 2989 775 3058; baseline 0.001 -15"><span class='ocrx_word' id='word_1_131' title='bbox 77 2989 273 3058; x_wconf 85' lang='lat' dir='ltr'><strong>Quodcunque</strong></span> <span class='ocrx_word' id='word_1_132' title='bbox 285 2997 327 3044; x_wconf 89' lang='lat' dir='ltr'><strong>est</strong></span> <span class='ocrx_word' id='word_1_133' title='bbox 339 2989 461 3058; x_wconf 83' lang='lat' dir='ltr'><strong>simplex,</strong></span> <span class='ocrx_word' id='word_1_134' title='bbox 476 2992 581 3045; x_wconf 90' lang='lat' dir='ltr'><strong>illudet</strong></span> <span class='ocrx_word' id='word_1_135' title='bbox 594 3007 654 3045; x_wconf 88' lang='lat' dir='ltr'><strong>esse</strong></span> <span class='ocrx_word' id='word_1_136' title='bbox 667 2992 775 3044; x_wconf 86' lang='lat' dir='ltr'><strong>decens.</strong></span> 
     </span>
    </p>
   </div>
   <div class='ocr_carea' id='block_1_5' title="bbox 0 0 1003 3398">
    <p class='ocr_par' dir='ltr' id='par_1_13' title="bbox 0 0 1003 3398">
     <span class='ocr_line' id='line_1_23' title="bbox 0 0 1003 3398; baseline 0 0"><span class='ocrx_word' id='word_1_137' title='bbox 0 0 1003 3398; x_wconf 95' lang='lat' dir='ltr'><strong> </strong></span> 
     </span>
    </p>
   </div>
  </div>
 </body>
</html>
