2002 3400
423 116 473 200 til

137 359 329 414 TEMPORE
352 360 420 414 ΝΠ,
441 359 585 416 FACIAS
607 361 770 420 ALIENO.

55 494 99 546 An
112 494 254 547 modulum
266 495 359 562 capitis
372 511 402 549 se
416 495 506 548 Flavia
518 497 616 564 crispat
629 498 711 561 ovini,

89 589 126 642 Et
138 590 238 643 collum
250 591 284 643 ad
297 590 401 644 medios
412 592 498 645 nudat
510 593 581 646 anile
594 594 679 647 sinna.

53 685 108 739 lata
119 703 214 755 parum
228 695 358 754 prosunt:
378 689 454 741 nulla
466 688 597 742 celabitur
609 697 676 751 arte,

90 782 161 843 Quae
174 783 297 836 vetulum
310 783 404 837 infecit
416 801 483 837 cana
495 793 605 839 senecta
618 793 707 854 caput.

52 878 112 932 Nee
125 879 195 932 bene
208 879 352 932 conveniet
365 880 439 948 rugis
451 881 595 935 adsumere
608 899 704 950 nugae,

89 973 165 1034 Quas
178 973 291 1027 nuribus
304 974 403 1027 nostris
419 973 506 1028 Gallia
519 992 586 1028 vana
599 977 681 1030 dedit.

52 1067 136 1128 Quod
148 1068 193 1128 sis,
209 1085 269 1121 esse
281 1068 364 1128 velis;
385 1076 412 1122 et
426 1085 489 1122 cum
502 1085 629 1124 revocare
638 1071 789 1139 juventam,

87 1163 186 1226 Flavia,
201 1179 257 1216 non
270 1164 379 1233 poteria,
394 1165 430 1218 sis
444 1165 577 1232 patienter
588 1183 666 1219 anua.

247 1415 328 1425 —--
342 1379 382 1438 Τό
396 1379 498 1458 perdiu*
511 1385 643 1458 μεριμνῶ,

109 1487 175 1548 Πῶς
189 1481 251 1560 ἅμα
265 1507 309 1542 σοι
322 1482 442 1552 κλαύσω,
458 1489 517 1550 πῶς
530 1483 591 1562 ἅμα
606 1508 650 1543 σοι
664 1484 788 1558 γελάσω.

49 1636 82 1689 In
95 1637 194 1690 tabulis
207 1637 285 1691 binos
296 1637 392 1692 fratrea
405 1654 523 1707 persaepe
535 1639 628 1692 videre
640 1645 690 1701 est,

85 1733 249 1802 Utrumque,
266 1741 296 1787 ut
309 1735 390 1788 tradit
402 1734 473 1788 sama
485 1742 601 1796 vetusta,
616 1751 720 1788 senem.

48 1829 102 1883 Hic
114 1847 176 1884 sese
188 1831 216 1883 in
230 1831 322 1893 risum,
338 1832 430 1899 patulo
443 1832 501 1885 sine
514 1832 642 1884 dentibus
655 1848 710 1894 ore,

84 1926 181 1989 Solvit,
196 1934 224 1980 et
236 1927 368 1981 humanas
381 1944 424 1981 res
435 1928 499 1981 facit
512 1945 573 1981 esse
581 1929 674 1996 jocum
687 1949 693 1980 ε

48 2024 80 2077 ln
93 2023 227 2094 lacrymas
238 2024 316 2078 susus
329 2023 462 2093 vultuque
474 2023 545 2078 heul
566 2025 678 2078 tetricus
691 2025 736 2078 ille

84 2120 179 2174 Rebus
192 2121 219 2172 in
232 2121 358 2174 humanis
371 2121 409 2173 nil
421 2121 473 2175 nisi
485 2122 563 2174 triste
576 2121 658 2174 videt.

47 2215 161 2268 Ridenti
172 2223 221 2268 aut
232 2215 309 2268 flenti
320 2215 427 2269 credis?
445 2215 469 2269 si
480 2215 567 2269 eredis
580 2216 697 2286 utrique,

84 2313 157 2366 Sunt
171 2329 216 2366 res
228 2311 353 2365 humanae
363 2312 454 2366 flebile
465 2312 622 2365 ludibrium.

48 2530 105 2584 SIS
128 2529 242 2591 QUOD
262 2529 331 2592 vis,
353 2530 563 2585 DUMMODO
588 2532 645 2586 SIS
667 2531 847 2594 ALlQUlD.

48 2661 217 2714 Aancorm
231 2669 366 2716 errantem
378 2663 470 2717 fatuus
483 2663 529 2731 qui
542 2663 641 2731 decipit
654 2663 730 2732 ignis,

83 2756 225 2809 Incertum
237 2755 329 2810 lumen
343 2758 397 2820 dat,
412 2757 558 2825 subitoque
569 2757 657 2826 fugitr

47 2850 150 2904 Nescio
163 2851 229 2919 quid
240 2851 319 2908 liceat
332 2859 360 2905 te
372 2852 470 2913 dicere,
484 2853 592 2906 flamma
599 2853 702 2921 jocosa,

83 2946 155 3002 Cum
167 2947 249 3002 toties
261 2949 362 3018 aliquid
374 2950 419 3012 ais,
434 2949 570 3018 totiesque
582 2949 659 3003 nihil.
