1994 3398
301 163 390 201 curos
410 165 528 203 recurre.
780 151 815 201 88

20 302 148 374 Conjugis
160 319 176 355 a
188 301 267 356 vultu
281 302 345 368 (nec
354 302 410 372 jum
423 302 495 356 ultra
506 302 642 373 conjugis)
655 302 744 357 omnis

54 401 176 470 Purpura
187 399 320 453 continuo
330 399 408 469 fugit,
424 406 452 454 et
464 399 553 453 omnis
565 399 653 454 honos
666 423 672 453 :

20 498 138 552 Rivalem
151 503 180 550 et
192 512 331 566 sponsum,
347 504 491 550 extensum
504 513 567 550 cum
580 513 693 566 corpore
705 513 812 566 corpus,

54 595 160 668 Funera
171 610 234 648 cnm
248 594 314 648 vidit
326 594 502 663 procubuisse
515 594 579 649 duo.

18 691 132 760 Virginis
144 691 177 743 nd
189 691 327 744 tumulum
340 692 451 745 deserte
462 691 517 753 ille,
530 690 636 745 ossibus
648 707 710 745 osse

54 787 199 850 Mixturus,
209 787 344 856 juvenum
357 787 472 856 lugubre
483 786 570 842 fertur
583 803 671 847 cnus;

18 883 93 938 idern
106 901 180 938 nunc
193 891 275 938 restat
287 885 338 938 sub
351 886 447 939 eodem
460 885 562 952 cespite
574 885 670 953 pulvis,

53 981 168 1050 Unaque
180 996 243 1033 cum
255 981 375 1050 nymphe
387 980 590 1034 contumuletur
602 980 711 1034 humus.

17 1174 117 1246 Sepias
130 1174 203 1227 hunc
216 1173 315 1237 visunt,
330 1173 377 1242 qui
388 1174 501 1228 numina
508 1174 585 1245 juste
596 1180 741 1234 serentum

52 1271 122 1324 Cum
134 1270 188 1324 fidu
198 1270 297 1339 pariter
309 1270 413 1340 virgine
424 1270 495 1325 fidus
508 1288 609 1326 amans.

17 1366 167 1421 Texiilibus
179 1366 266 1429 sertis,
281 1366 410 1436 vittisque
422 1366 449 1420 in
462 1371 560 1421 mutua
572 1366 657 1429 nexis,

50 1463 151 1533 Saepius
163 1462 239 1516 hunc
251 1462 358 1530 signant
371 1464 608 1532 condecornntque
619 1463 720 1517 locum.

17 1560 67 1615 Sed
80 1561 237 1630 quicunque
248 1559 330 1614 fldem
342 1560 457 1624 dederis,
473 1577 524 1614 nec
535 1559 635 1614 foedere
644 1568 719 1616 certo

49 1657 197 1721 Servatum,
211 1673 315 1711 asccro
328 1657 430 1727 cespite
442 1657 507 1712 siste
518 1659 640 1727 gradum.

17 1751 95 1813 Quod
108 1753 192 1808 subiit
207 1753 336 1824 Corydon
347 1752 443 1816 istum,
458 1770 563 1808 memor
576 1760 649 1816 est03
671 1772 721 1809 nec
733 1755 787 1810 illic

48 1850 89 1904 Te
101 1851 174 1905 tristi
186 1867 303 1906 occursu
316 1859 416 1905 terreat
430 1852 531 1911 umbre,
543 1869 617 1906 cave.

246 2136 380 2192 CHLOE
402 2136 573 2193 MONI'PA.

12 2309 77 2365 nun
88 2312 165 2367 fastu
177 2328 230 2374 me,
244 2328 305 2366 carn
319 2311 412 2375 Chloe,
427 2310 467 2366 ins
478 2317 579 2380 praeter
591 2318 619 2366 et
631 2327 747 2380 oequum,

44 2409 170 2472 Subruis,
185 2416 213 2462 et
225 2407 312 2462 reficis
324 2425 379 2478 spe,
395 2409 552 2478 crucissque
564 2415 648 2472 metu,

11 2503 143 2574 Deperdis
155 2506 225 2560 laetae
237 2507 311 2576 quod
322 2523 456 2561 amoenum
470 2514 511 2561 est
524 2523 605 2562 omne
615 2507 737 2577 juvente
748 2527 755 2566 ;

43 2602 133 2672 Inque
145 2611 317 2658 senectutem
329 2603 407 2658 triste
419 2603 528 2673 reponis
540 2620 619 2659 onus.

12 2695 106 2754 Forma
117 2700 217 2764 brevis,
232 2701 306 2764 dicis.
320 2700 371 2754 flos
383 2707 425 2755 est
437 2701 529 2764 etatis,
544 2716 675 2770 amorque

42 2796 147 2861 Rebus,
163 2813 222 2868 quae
234 2805 358 2867 pereunt,
372 2804 457 2861 crtus,
473 2798 569 2867 etipse
582 2797 667 2866 perit;

13 2889 67 2948 Hoc
79 2895 131 2949 ribi
141 2895 305 2965 persuades:
331 2893 379 2948 sed
392 2910 422 2948 re
433 2894 515 2948 modo
528 2894 599 2948 dicte
610 2890 737 2962 probieris,

42 2991 134 3052 Quam
149 2992 219 3046 maie
231 2991 386 3062 persuades,
401 2991 565 3061 experiendo
577 2991 655 3046 scies,
