1968 3396
437 568 681 624 CORNICULA.
778 583 781 587 '

161 785 269 838 Nronrs
283 785 354 839 inter
366 801 429 838 sves
442 786 499 838 svis
512 792 562 847 est,
577 801 637 853 quae
649 784 765 852 plurima
777 791 875 845 turres,
964 796 965 824 ³

198 882 332 951 Antiquos
344 883 422 944 redes,
438 883 565 951 celsaque
577 883 640 935 fana
652 882 725 935 colit.

161 977 208 1030 Nil
220 985 274 1031 torn
288 979 403 1032 sublime
417 986 466 1040 est,
482 980 556 1047 quod
569 995 624 1032 non
637 979 740 1031 audace
753 978 856 1039 volatu,

198 1073 287 1127 Acriis
299 1090 430 1141 spernens
441 1073 576 1136 inferiora,
591 1073 667 1141 petit.

163 1168 227 1230 Quo
239 1186 320 1222 nemo
333 1170 470 1232 ascendat,
485 1171 530 1223 cui
542 1186 598 1223 non
612 1170 717 1237 vertigo
729 1170 871 1222 cerebrum

199 1264 339 1333 Corripiat,
352 1273 426 1319 certe
439 1266 514 1318 hunc
527 1265 615 1334 seligit
628 1265 673 1317 illa
684 1264 784 1318 locum.

164 1360 228 1422 Quo
241 1361 286 1412 vix
298 1378 314 1413 a
327 1368 398 1414 terra
410 1367 441 1413 tu
454 1360 568 1428 suspicis
581 1361 682 1427 absque
694 1366 821 1419 tremore,

199 1456 248 1509 Illa
259 1464 350 1510 metus
363 1473 460 1525 expers
472 1457 671 1524 incolumisque
684 1455 771 1508 sedet.

163 1552 277 1606 Lamina
289 1552 394 1606 delubri
407 1569 489 1620 supra
499 1551 613 1620 fastigio,
629 1559 729 1605 ventus

201 1647 264 1709 Qua
275 1648 336 1701 caeli
347 1649 429 1716 spiret
442 1649 477 1701 de
489 1649 608 1717 regione,
623 1648 719 1708 docet;

165 1744 244 1798 Hunc
257 1761 289 1797 ea
300 1760 353 1812 prae
365 1744 475 1814 reliquis
488 1744 598 1804 mavult,
613 1761 710 1797 secura
720 1743 829 1812 peric’li,

201 1839 260 1892 Nec
275 1845 359 1901 curat,
375 1841 477 1892 nedum
490 1839 599 1906 cogitat,
615 1838 689 1891 unde
702 1839 788 1892 cadat.

165 1938 221 1991 nes
233 1938 298 1990 inde
310 1937 449 1999 humanus,
465 1938 512 1990 sed
526 1953 632 1989 summa
644 1951 692 2003 per
704 1936 767 1997 otia,
782 1946 895 2004 spectat,

200 2033 237 2086 Et
250 2033 317 2086 nihil
329 2034 362 2086 sd
376 2050 445 2095 sese,
461 2049 528 2101 quas
541 2032 623 2093 videt,
639 2048 699 2085 esse
712 2032 794 2084 videt.

166 2131 325 2185 Concursus
337 2138 449 2199 spectat,
464 2131 607 2198 plateaque
620 2129 729 2197 negotis
741 2129 769 2181 in
782 2130 866 2191 omui,

203 2227 303 2282 Omnia
314 2244 364 2296 pro
378 2228 457 2296 nugis
466 2235 494 2280 st
506 2225 642 2294 sapienter
655 2225 744 2278 habet.

168 2325 314 2387 Clamores,
330 2341 398 2394 quos
410 2324 480 2377 inira
491 2323 575 2386 audit,
590 2323 613 2375 si
625 2321 737 2376 forsitan
750 2323 834 2383 audit,

203 2420 258 2473 Pro
271 2422 351 2474 rebus
363 2421 440 2473 nihili
452 2420 571 2488 negligit,
587 2427 614 2472 et
626 2419 747 2471 crocitat.

169 2517 218 2570 Ille
230 2516 279 2570 tibi
292 2516 416 2578 invideat,
431 2515 495 2569 felix
509 2515 655 2576 cornicula,
670 2529 781 2582 pennas

207 2612 262 2674 Qui
274 2613 312 2668 sic
325 2612 450 2666 humanis
462 2613 543 2665 rebus
555 2613 650 2665 abesse
663 2610 735 2663 velit.
