2036 3400
215 193 356 232 CAEN‘HCUM
370 192 458 228 'mum
471 187 686 228 lemnum.
774 211 776 218 ,

124 333 186 387 Vox
197 333 321 386 nminem
335 338 431 392 vestre,
447 347 494 399 per
506 331 567 385 aera

125 428 185 482 Vox
198 427 339 482 audiatur:
359 433 522 494 perpetuum
536 425 589 479 Dei

162 524 278 592 Unaque
289 522 430 576 nobiscum
442 521 561 575 savorem

197 621 334 689 Perpetuo
346 619 479 673 celebrate
491 618 595 686 plausu.

126 813 152 868 0
165 811 259 866 torridi
270 812 355 881 ignes,
370 810 450 864 dicite
462 810 626 878 principem

125 909 259 970 Flemmae,
274 909 388 962 deorum
400 907 481 961 dicite
494 906 658 976 principem

162 1006 352 1060 circumdatus
364 1021 480 1074 namque
492 1005 549 1073 ipse
560 1004 674 1058 flammis

196 1101 341 1156 AEthereos
353 1102 430 1155 sedet
443 1102 513 1154 inter
525 1101 609 1170 ignes.

126 1199 165 1254 Ut
177 1216 227 1253 nos
239 1215 375 1261 cenamus,
391 1215 439 1252 vos
450 1199 553 1253 facitis:
574 1197 656 1252 simul

126 1297 235 1352 Cenetis
247 1296 313 1365 ipsi;
333 1303 494 1365 perpetuum
508 1295 561 1350 Dei

162 1393 279 1462 Unaque
290 1392 430 1446 nobiscum
443 1391 563 1445 savorem

197 1489 335 1558 Perpetuo
347 1489 483 1544 celebrate
492 1489 597 1557 plausu.

127 1681 241 1734 Altema
252 1681 353 1734 brumae
365 1687 487 1748 tempore
498 1678 607 1748 frigide,

126 1778 233 1832 Brumae
244 1775 367 1845 sequacis
379 1783 440 1844 poet
452 1774 568 1842 spatium
581 1774 667 1827 breve

160 1874 281 1936 AEetetie,
296 1880 325 1927 et
336 1880 367 1926 tu
381 1888 475 1926 rursus
486 1879 562 1925 aestes

199 1970 265 2024 Mox
278 1969 381 2025 vicibus
393 1970 512 2024 rediture
524 1968 620 2029 certis;

47 2107 50 2111 -
127 2069 241 2128 Alterne
252 2084 358 2137 semper
370 2068 489 2121 carmine
500 2067 589 2128 dicite,

125 2164 255 2233 (Alteme
267 2181 351 2218 mueae
363 2164 481 2218 earmina
493 2164 621 2232 diligunt)

161 2259 268 2330 Deique
279 2260 422 2314 nobiseum
433 2258 553 2313 favorem

197 2357 334 2426 Perpetuo
346 2356 479 2412 celebrate
491 2356 596 2424 plausu.

127 2549 153 2604 0
166 2566 215 2603 vos
227 2565 275 2618 pet
287 2565 364 2602 eures
377 2565 435 2618 quae
446 2549 505 2602 sine
517 2565 668 2610 murmure,

127 2646 218 2714 Lapsu
231 2645 329 2709 silenti,
344 2646 434 2700 mollia
446 2645 552 2707 vellere,

161 2742 342 2805 Descenditis,
356 2759 391 2796 ne
402 2743 479 2796 ledet
490 2743 586 2795 herbas

199 2841 257 2893 Aut
269 2845 389 2908 segetem
403 2838 511 2892 boreale
521 2825 624 2904 srissuffl

127 2935 258 2999 Leudete,
274 2953 328 2990 non
342 2936 412 2989 ultra
424 2935 517 2996 tacite,
533 2933 608 2987 nives

126 3031 250 3085 Laudete
263 3031 365 3101 Regem
379 3055 384 3084 ι
405 3037 566 3099 perpetuum
580 3027 635 3082 Dei
