2002 3400
163 133 217 184 ω
439 130 557 174 mm
577 130 692 177 mna

236 314 766 376 numnqhffleheloeds.

236 410 747 480 Norpustnfloihishunquetneeds,
844 411 850 418 ”

236 506 554 569 Andiihemoeoeone,
568 507 722 576 onlyfeeds

626 603 790 656 Theiaster.

237 792 312 846 who
323 793 402 846 neeis
413 793 470 847 him
482 803 556 850 must
567 796 603 848 be
614 811 700 848 worse
712 795 777 848 than
790 794 879 858 blind,

235 889 296 957 (He
306 891 361 944 and
372 891 415 944 his
426 891 514 945 house
524 909 571 946 are
582 909 614 945 so
626 892 784 958 combin'd.)

236 989 269 1051 Π,
283 989 388 1058 finding
399 991 429 1052 ii,
443 990 479 1042 he
489 989 550 1042 iniis
562 997 591 1042 to
602 989 660 1042 find

627 1086 666 1139 Its
678 1093 786 1139 master.

420 1529 550 1582 llANTA
571 1529 704 1582 ΓΕΛΩΣ.

166 1716 290 1771 Hunouu
304 1735 359 1787 quo
371 1718 442 1772 fama
452 1718 534 1773 abiiti
555 1719 716 1787 vulgataque
728 1718 868 1786 quondam

201 1814 330 1883 Antiquis
342 1815 389 1868 ubi
401 1822 466 1868 sunt
477 1815 588 1869 nomina
598 1815 626 1868 in
638 1812 773 1867 historiis!

165 1909 246 1964 Heni
266 1917 367 1980 quanta
377 1911 502 1965 humanis
514 1912 607 1964 insunt
619 1911 735 1964 ludibria
746 1908 844 1963 rebus!

201 2006 301 2069 Gloria,
317 2023 379 2060 cum
391 2013 497 2060 tantum
509 2007 600 2074 gloria,
616 2023 696 2076 quam
709 2006 785 2059 nihili
798 2005 856 2060 esti
994 1983 995 2057 i

165 2103 325 2171 Pompeium
338 2104 399 2172 quis
411 2104 557 2171 conjiceret
569 2120 644 2157 nunc
656 2119 716 2156 esse
731 2102 902 2156 Molossum!

201 2197 304 2252 Caesara
317 2199 377 2268 quis
392 2198 470 2251 Lanii
482 2199 605 2252 crederet
618 2216 677 2252 esse
690 2198 801 2252 canemi

167 2296 203 2348 At
215 2301 297 2355 sunt3
318 2294 413 2347 rivales
425 2301 452 2347 at
465 2301 546 2347 sunt:
567 2294 720 2348 certaminis
733 2296 792 2357 (aut
805 2310 835 2347 os

203 2391 259 2442 Aut
272 2389 351 2442 offam
365 2389 452 2442 carnis
464 2390 577 2458 projice)
592 2389 668 2443 testis
682 2389 743 2442 eris.
993 2361 994 2443 i

165 2485 262 2554 Scipio,
277 2486 380 2538 fulmen
393 2485 482 2538 adhuc
494 2486 564 2548 belii,
580 2493 657 2539 tauro
670 2486 772 2539 involat
783 2503 854 2548 acer,

199 2582 236 2636 Et
248 2582 350 2634 validos
362 2581 461 2634 lacerat
473 2582 556 2634 dente
567 2588 662 2634 tenace
675 2590 758 2636 toros.

165 2677 247 2738 Quod
261 2677 388 2730 defensor
401 2683 457 2729 erat
472 2677 569 2746 Trojoe,
585 2677 711 2731 defensor
724 2686 751 2731 et
763 2679 836 2732 horti
849 2687 909 2738 θεῖς
992 2659 993 2730 i

199 2769 235 2822 Et
248 2771 321 2823 canis
335 2777 376 2824 est
391 2771 502 2833 Hector,
517 2774 592 2841 quod
603 2773 655 2826 suit
670 2773 774 2826 Hector
786 2774 880 2827 homo.

166 2861 221 2920 Qui
233 2869 326 2928 praeter
340 2863 457 2931 reliquos
470 2881 555 2918 saevus
568 2867 717 2935 sitiensque
729 2869 842 2930 cruoris,

200 2953 257 3014 Ille,
272 2970 323 3006 nec
336 2957 477 3018 immerito,
493 2959 590 3012 dicitur
603 2961 648 3014 iile
663 2963 747 3015 Nero.
