1994 3398
295 154 385 190 GHLOE
396 153 555 190 VENA'I'BIX.

24 297 144 366 Captivo
157 295 214 358 tihi,
229 310 377 364 cerepum,
392 301 451 349 tum
464 293 572 348 vincula
583 293 694 355 solvam,

61 393 102 446 Et
114 399 152 454 te,
168 407 223 461 quo
234 391 323 454 libeat,
339 407 432 446 rursus
444 391 518 444 abire
530 390 643 444 sinam.”

25 490 146 545 Vincula
158 491 197 543 sic
209 505 294 558 puero
307 489 387 542 solvit
399 487 528 558 nympha,
543 494 571 541 et
583 504 633 541 sua
644 486 777 557 nymphe,

64 587 184 642 Vincula
196 587 320 649 solventi,
335 586 445 640 tradidit
456 602 531 640 arma
543 601 619 654 puer.

27 783 66 836 Se
79 781 151 834 deus
165 779 228 832 hinc
240 779 303 832 lusu
315 779 412 847 puerili
425 785 535 833 exercet
547 779 665 842 inermis,

64 877 94 930 N
97 894 129 930 ec
138 875 256 945 juvenes
268 882 345 929 curat
355 875 545 945 virgineosque
556 891 671 944 greges:

28 974 177 1028 Interdum
189 973 223 1026 ad
236 979 331 1040 pectus
345 972 445 1034 volitat,
461 972 663 1042 nymphumque
675 972 784 1033 revirit;

66 1070 124 1124 Sed
138 1069 215 1122 sedet
227 1069 376 1122 innocuum
389 1085 500 1131 numen,
516 1075 543 1132 et
556 1068 654 1136 hospes
666 1068 747 1122 iners.

32 1265 108 1318 Hinc
119 1279 199 1316 arcus
212 1261 419 1332 pharetramque
431 1279 529 1331 gerens
540 1262 703 1331 funestaque
716 1261 770 1316 tela

67 1360 124 1414 Pro
137 1359 216 1412 libitu
228 1359 325 1427 passim
339 1359 429 1428 dirigit
441 1375 514 1412 arma
524 1357 625 1420 Chloe;

33 1458 87 1511 Pro
100 1457 180 1511 libitu
193 1455 279 1525 percit
291 1456 334 1509 vel
347 1457 486 1518 vulnerat;
507 1456 564 1524 ipse
579 1455 685 1525 Cupido

68 1554 108 1607 Et
119 1554 203 1608 simul
212 1553 239 1607 in
252 1554 332 1607 terris
342 1561 444 1623 regnat,
460 1561 488 1608 et
500 1555 557 1623 ipse
570 1553 672 1608 Venus.

252 1882 386 1937 onmia
408 1855 627 1938 vaunnam.

38 2101 133 2154 Fcere
148 2101 244 2165 Chloe,
258 2103 386 2171 pulchros
399 2105 472 2158 nodo
485 2103 600 2158 collecta
611 2103 721 2173 capillos

38 2197 106 2252 Post
118 2198 228 2261 collum,
244 2199 422 2269 pharetraque
433 2201 504 2255 letus
517 2201 655 2255 succincta
665 2201 771 2263 decora,

39 2294 170 2349 Venatrix
181 2296 216 2348 ad
231 2297 335 2366 sylvam
347 2297 418 2358 ibat;
438 2315 604 2368 cervumque
616 2304 710 2352 secuta

39 2391 171 2462 Elapsum
184 2393 253 2456 visu,
269 2394 376 2448 deserta
387 2411 435 2464 per
446 2395 506 2448 avia
518 2395 608 2448 tendit

41 2490 157 2544 Incerta.
199 2490 342 2546 Errantem
354 2491 501 2562 nympham
514 2491 655 2561 conspexit
671 2490 778 2558 Apollo,

41 2588 89 2650 Et,
105 2587 242 2642 Converte
254 2595 326 2653 tuos,
341 2588 417 2652 dixit,
432 2605 493 2644 mea
507 2588 632 2660 Cynthia,
648 2603 759 2648 cursus;

42 2686 89 2738 En
100 2686 137 2739 ibi
150 2686 377 2756 (monstravitque
386 2690 481 2756 manu)
495 2687 544 2742 tibi
556 2703 652 2742 cervus
662 2684 771 2738 anhelat

43 2780 178 2836 Occultos
191 2783 284 2846 dumo,
298 2783 462 2852 latebrisque
472 2790 593 2837 moretur
605 2783 633 2837 in
646 2782 707 2836 illis.

84 2876 284 2947 Improhushaec
291 2879 393 2933 audiuit
401 2880 673 2949 Amor,lepidumque
680 2878 843 2933 cachinnum

46 2973 192 3039 Attollens,
210 2975 375 3030 Poterantne
387 2975 468 3030 etiarn
480 2983 528 3030 tue
539 2976 652 3030 numina
662 2975 737 3030 salli?

720 3087 737 3122 rr
