1986 3398
246 617 377 678 EQUES
399 617 672 674 ACADEMICUS.

48 813 181 866 Curcum
194 813 337 866 instruitur
349 813 365 865 J
368 813 480 872 uvenis;
499 815 645 882 geminove
656 814 699 868 vel
714 833 777 878 uno,

84 907 174 960 Haud
187 907 313 969 multum,
329 916 378 960 aut
390 909 476 962 ocreis
490 909 577 978 cujus,
594 917 622 964 et
634 911 717 973 unde,
733 911 834 972 refertr

47 1003 117 1056 Fors
131 1003 251 1056 fortusse
264 1020 323 1064 suo,
338 1003 453 1057 fortasse
465 1003 583 1066 aliunde,
598 1005 722 1073 flagello;

84 1098 342 1167 Quantulacunque
354 1098 406 1160 sui,
420 1114 484 1166 pars
494 1106 585 1152 tamen
598 1099 657 1168 ipse
669 1101 720 1153 sui.

47 1197 93 1250 Sic
106 1197 165 1248 rite
176 1202 304 1257 armatus,
320 1195 410 1262 quiuis
424 1196 465 1261 (et
476 1194 548 1248 sorte
561 1195 686 1263 minoris)

83 1290 266 1344 Conductum
279 1289 372 1342 solidis
384 1290 516 1343 scandere
527 1291 609 1359 gestit
623 1306 734 1359 equum.

48 1387 144 1440 Laetus
157 1392 184 1438 et
197 1384 356 1453 impavidus,
374 1385 440 1453 (qua
451 1383 505 1438 fert
516 1385 635 1447 fortuna,
651 1386 789 1440 volantem

84 1481 214 1547 Cernite)
228 1479 435 1548 quadrupedem
447 1480 553 1548 pungit,
568 1487 596 1532 et
609 1487 689 1549 urget
701 1481 761 1534 iter.

50 1576 183 1631 Admisso
196 1591 287 1638 cursu,
301 1591 433 1643 petrum,
448 1591 496 1642 per
510 1574 615 1642 oppida,
629 1575 733 1629 fertur:

85 1673 236 1727 Adiutrunt
246 1672 337 1734 catuli,
353 1671 494 1740 multoque
507 1671 577 1725 ridet
590 1689 666 1726 uuus.

47 1771 170 1840 Jamque
180 1769 260 1822 ferox
272 1769 366 1837 plagis,
383 1776 473 1822 erecto
484 1770 518 1821 ad
531 1769 643 1822 verbera
655 1770 758 1831 dextra,

84 1867 172 1920 Caice
184 1872 327 1919 cruentato
339 1865 421 1917 lassat
433 1871 580 1932 utrumque
592 1864 672 1918 latus.

49 1964 161 2032 impete
173 1963 221 2016 sed
234 1968 310 2014 tanto
323 1960 435 2013 vixdum
449 1959 598 2013 coniecerit
611 1960 657 2014 iiie

84 2058 176 2112 Milliu
187 2055 331 2124 propositae
343 2071 435 2113 sexve.
454 2070 597 2116 novemve,
613 2055 678 2115 viae3

49 2154 161 2207 Viribus
170 2151 329 2218 absumptis,
343 2150 487 2217 fessusque
499 2149 600 2212 labore,
615 2150 734 2205 caballus

84 2247 194 2302 Sternit
204 2247 231 2300 in
245 2247 417 2300 immundum
430 2262 514 2314 seque
527 2247 703 2315 equitemque
715 2247 814 2300 lutum.

49 2344 156 2397 Veetus
167 2342 219 2395 iter
230 2350 342 2411 peraget
352 2358 434 2395 curru
447 2342 604 2410 plaustrove
616 2342 723 2396 viator?

84 2437 162 2492 Proh
174 2437 263 2505 pudor
277 2444 305 2490 et
316 2434 437 2490 facinusi
458 2437 565 2506 cogitur
577 2437 617 2490 ire
629 2437 722 2504 pedes.

50 2534 85 2596 Si,
101 2549 157 2587 neo
169 2533 351 2600 inexpertum,
367 2533 503 2586 seniorem
518 2533 612 2601 junior
625 2533 712 2594 audis,

86 2629 158 2690 Quae
170 2629 225 2681 siut
238 2629 341 2696 exiguae
353 2629 497 2682 commoda
509 2629 583 2682 disee
596 2644 687 2680 morae.

53 2727 144 2786 Quem
156 2725 205 2778 tibi
217 2725 349 2793 praeeipio,
364 2725 453 2778 brevis
466 2732 508 2778 est
520 2725 569 2777 sed
583 2723 679 2792 regule
689 2729 779 2776 certa:

86 2823 183 2890 Ooyus
198 2826 227 2873 ut
240 2820 326 2888 possis
338 2837 459 2888 pergere,
475 2820 566 2873 lentus
579 2835 634 2872 eas.
