2002 3400
288 161 354 198 usus
373 161 584 202 onnoeronauu.
784 145 836 201 247

35 297 197 368 Lyrnphatis
208 297 309 351 similes
320 297 476 350 discurrunt
489 297 610 366 undique
623 297 763 367 nymphae;

71 393 194 447 Occultae
206 393 233 445 in
246 392 314 446 celle
325 408 434 460 queque
447 398 593 460 precantur
605 409 684 445 anns.

35 491 144 544 Interea
156 497 336 553 astronomus,
352 490 462 558 specula
473 492 631 544 observator
644 491 670 542 in
683 490 745 552 alta,

70 586 175 640 Rerum
187 586 243 638 haec
255 601 352 638 securo
365 592 475 652 pectore
486 592 607 638 monstra
618 585 710 638 videt:

33 681 142 736 Scilicet
156 682 212 735 hac
224 682 338 750 longum
352 689 531 749 praesenserat
544 681 589 735 ille
601 681 709 735 futura:

71 779 101 831 In
116 785 222 832 tantum
235 779 335 832 distant
349 778 446 846 vulgus
459 784 486 830 et
498 784 678 832 astronomus.

222 1306 319 1360 USUS
342 1306 654 1367 QUADRIGARUM.

34 1510 64 1562 In
85 1526 169 1564 curru
182 1512 306 1565 conduco
319 1512 418 1573 locum,
433 1513 541 1566 visurus
553 1513 678 1573 amicum,

71 1605 156 1658 Millia
167 1606 215 1673 qui
227 1607 317 1660 decies
329 1607 410 1660 distet
422 1608 456 1659 ab
469 1608 536 1660 urbe
546 1624 646 1659 novem

34 1699 181 1768 Impatiens
193 1701 286 1770 auriga
298 1719 379 1754 morae
391 1718 442 1755 nos
451 1710 540 1770 urget,
556 1709 592 1763 et,
609 1702 676 1755 hora

68 1795 141 1848 Cum
154 1797 276 1849 nondum
290 1796 382 1849 sonuit
395 1798 481 1857 tertia,
493 1797 585 1866 J'ungit
599 1812 692 1864 equos.

32 1890 83 1944 Vix
97 1899 282 1959 experrectus,
297 1892 385 1944 media
397 1892 468 1945 inter
480 1893 592 1951 somnia,
607 1908 699 1960 surgo,

67 1986 123 2039 Per
135 1986 248 2055 longum
262 1986 359 2040 misere
372 1987 558 2040 discutiendus
571 1988 630 2040 iter.

32 2083 183 2152 ingredior,
195 2084 294 2142 sedem
313 2084 491 2151 cubitumque
503 2091 626 2136 coarctor
638 2089 803 2150 utrumque;

67 2180 164 2246 Atque
176 2178 243 2231 duas
254 2178 369 2247 pingues
382 2180 544 2245 comprimor
557 2178 628 2230 inter
640 2193 717 2230 anus.
755 2228 756 2232 ,

32 2274 105 2328 Cum
118 2279 204 2326 matre
213 2290 230 2326 e
239 2281 334 2326 contra
345 2289 413 2341 puer
426 2281 476 2335 est,
492 2273 625 2342 milesque
637 2279 780 2341 protervus
791 2292 798 2331 t

65 2371 197 2424 Distento
210 2370 260 2423 hos
273 2370 343 2423 inter
356 2386 469 2437 corpore
482 2385 569 2437 caupo
582 2370 668 2422 sedet.
734 2364 736 2369 ’

33 2468 92 2521 Nec
106 2466 154 2519 vix
166 2465 263 2528 illuxit,
278 2467 344 2534 quin
358 2465 420 2519 hinc
432 2466 566 2533 agitamur
579 2470 607 2518 et
620 2463 702 2524 illinc,

66 2564 241 2629 Asperaque
253 2561 335 2623 ducit,
352 2575 406 2628 qua
417 2561 552 2614 salebrosa
571 2560 621 2612 via.

33 2661 129 2714 Altera
141 2656 222 2712 tussit
234 2674 310 2719 anus,
326 2657 428 2710 rixatur
441 2664 468 2710 et
481 2657 581 2716 altera;
598 2656 673 2724 jurat

67 2755 160 2817 Miles,
172 2752 306 2833 ῥογκάζει
315 2769 410 2822 caupo,
425 2753 565 2820 vomitque
577 2767 653 2818 puer.

32 2847 122 2901 Dulce
133 2846 288 2901 sodalitium
300 2841 307 2896 l
327 2844 350 2898 si
361 2846 416 2897 sint
428 2843 484 2896 haec
498 2859 585 2911 usqne
597 2841 733 2910 quadrigis

67 2943 227 3006 Commoda,
243 2941 384 2996 maluerim
397 2938 504 3008 longius
516 2939 556 2991 ire
567 2937 659 3006 pedes.
