1986 3398
137 121 189 170 202
419 115 649 165 'szsflusport

138 273 230 330 Eccel
245 276 363 343 jubente
377 274 446 336 Deo,
461 276 541 327 flores
554 283 582 326 et
595 274 717 342 gramina
728 281 811 327 terroe

139 371 265 424 Induitur
277 371 375 428 fecies;
395 371 484 423 rident
498 371 638 425 vernantia
648 377 731 439 prata,

140 468 267 534 Arvaque
281 467 435 534 parturiunt
448 467 538 520 nullos
551 474 662 535 experta
673 466 788 519 labores.

138 561 200 615 Enl
221 579 282 616 rosa
294 579 447 632 purpureos
459 563 544 630 aperit
555 562 674 615 formosa
685 561 801 621 colores,

138 658 281 727 Virgineus
293 659 417 726 pandunt
430 664 458 712 et
470 658 584 711 candida
595 657 650 710 lilia
661 656 770 714 vultus;

139 755 252 808 Exultat
265 755 355 815 tellus,
370 754 496 822 varioque
508 760 602 806 ornata
613 768 714 805 corona

139 851 229 912 Ridet,
245 858 272 904 et
284 851 432 904 ambrosios
444 849 546 902 circum
560 849 685 902 diffundit
697 848 805 902 odores.

141 947 281 1001 Scandunt
293 947 427 1000 umbrosoe
438 962 565 1013 suprema
577 946 717 999 cacumina
727 944 821 1015 sylvae,

141 1041 299 1110 Montisque
310 1058 454 1096 ascensum
466 1049 603 1109 superant,
616 1042 725 1096 funesta
736 1057 907 1108 cupressuS,

141 1138 177 1190 Et
191 1155 309 1207 quercus
322 1139 410 1201 tectis,
425 1145 453 1192 et
466 1139 545 1206 pinus
558 1139 671 1192 navibus
683 1146 759 1206 aptae.

141 1233 249 1286 Interea
261 1233 372 1304 zephyri
385 1241 412 1287 et
425 1235 556 1301 spirantes
569 1234 685 1287 molliter
697 1250 767 1287 eurae

142 1328 273 1390 Ludunt;
294 1330 359 1382 dum
373 1330 423 1382 rivi
434 1335 547 1398 serpunt
558 1329 593 1382 ad
605 1329 732 1398 marginis
745 1345 813 1390 oros,

141 1424 257 1493 Pinguis
269 1426 316 1494 qui
328 1427 430 1481 circum
443 1426 527 1494 glebis
539 1426 666 1480 alimenta
678 1425 843 1480 ministrant.

142 1523 223 1576 Tunc
235 1523 334 1576 hilares
347 1523 463 1590 primum
477 1523 630 1575 rubuerunt
643 1522 742 1576 vitibus
754 1538 814 1574 uvae
827 1541 835 1582 ς

142 1618 279 1686 Tempora
291 1626 357 1672 tunc
370 1618 476 1672 diversa
487 1619 552 1671 anni
565 1617 678 1672 confuse
689 1618 812 1671 videres:

144 1714 280 1782 Quicquid
293 1713 427 1782 frugiferis
440 1714 543 1782 profert
554 1720 703 1767 autumnus
715 1715 743 1766 in
755 1713 841 1776 horis,

144 1809 281 1878 Quicquid
293 1810 456 1878 promittunt
469 1810 591 1863 renovati
603 1815 725 1878 tempora
738 1810 816 1871 veris,

142 1905 324 1976 Fructusque,
341 1913 368 1960 et
380 1907 468 1968 flores,
483 1906 589 1960 fructus
601 1923 663 1974 spes
675 1907 788 1975 pulchra
799 1907 905 1971 futuri.

144 2001 286 2055 Ornabant
297 2002 407 2070 gemino
420 2009 546 2054 curvatos
558 2003 680 2070 pondere
693 2019 791 2057 ramos.

179 2096 223 2149 Sic
236 2097 283 2151 ubi
295 2097 428 2164 disposuit
440 2104 526 2150 terras
538 2098 720 2152 animantibus
732 2105 815 2166 optus,

144 2191 176 2245 ln
189 2192 262 2244 caelis
274 2192 383 2260 proprio
396 2193 559 2246 candentem
570 2193 674 2246 lumine
686 2191 772 2245 solern

144 2288 224 2350 Fixit,
241 2296 268 2342 et
281 2289 393 2343 alterius
406 2289 552 2356 pallentem
565 2288 669 2342 lumine
680 2289 782 2343 lunam.

145 2383 324 2436 Auricomum
336 2384 421 2437 solem
435 2385 553 2438 stadium
566 2385 711 2440 decurrere
720 2383 803 2453 jussit

144 2478 275 2546 Longius,
290 2487 332 2532 sst
344 2479 416 2533 illam
429 2479 566 2532 breviores
578 2480 688 2532 flectere
700 2495 801 2548 gyros;

146 2573 237 2627 Metiri
250 2582 280 2628 ut
294 2575 410 2644 spatium
423 2582 537 2644 possent
549 2582 577 2628 et
590 2575 699 2637 mensis,
715 2581 742 2628 et
754 2575 827 2636 unni,

144 2670 181 2723 Et
192 2670 305 2737 pulchra
317 2671 446 2724 informes
460 2671 593 2724 variarent
604 2671 666 2724 luce
678 2672 812 2724 tenebras.

180 2765 254 2818 Ecce
267 2764 274 2818 l
308 2766 407 2819 iterum
421 2771 498 2819 terrae
510 2766 627 2833 pariunt,
643 2773 671 2819 et
682 2766 743 2820 fusa
754 2783 804 2835 per
815 2783 905 2835 agros

145 2860 274 2926 Undique
288 2861 438 2928 depascunt
448 2861 546 2914 virides
559 2863 705 2916 animantia
716 2879 836 2932 campos.

146 2953 294 3020 Reptiiium
308 2955 454 3008 innumerae
466 2963 571 3022 gentes,
587 2973 654 3024 quas
666 2957 756 3012 fertile
768 2959 891 3015 verbum
