2002 3400
517 142 569 193 296

468 306 620 360 VOTUM.

180 445 287 506 Quiris
299 462 347 514 per
359 463 502 500 neruorum
515 448 592 515 nigre
604 447 718 509 silentia,

177 541 321 611 vallesque
334 543 455 611 irriguas,
471 551 499 596 et
511 543 609 596 virides
622 544 726 604 domos,

178 637 267 705 Serpit
278 639 339 692 sons
351 639 473 706 placidus
485 655 625 693 murmure
637 639 775 708 languido,
786 697 790 706 ,

284 735 425 788 Secretum
439 751 570 804 peragens
582 735 651 794 iter;

176 875 316 945 Paulisper
328 893 413 946 vagus
424 885 506 946 etque
519 877 633 946 exiguos
645 893 728 945 egens

178 969 338 1033 Meundros,
353 973 432 1026 variis
444 989 474 1026 se
486 973 577 1025 sinuat
594 972 689 1034 modis,

178 1065 252 1118 Dum
265 1067 375 1119 tandem
389 1066 505 1120 celerem
517 1067 685 1135 praecipitans
696 1066 798 1136 iugem,

284 1159 416 1214 Miscetur
427 1162 529 1229 gremio
543 1162 622 1213 meris
633 1183 640 1220 ;

177 1302 251 1354 Telis
263 1318 310 1369 per
323 1303 431 1355 tacitam
443 1303 522 1355 devie
533 1303 656 1356 semitam

173 1398 250 1451 AEtes
263 1397 392 1466 diffugiat,
407 1415 463 1452 non
475 1398 572 1466 opibus
584 1399 680 1466 gravis,

175 1494 238 1546 Non
253 1501 364 1561 experte
374 1493 427 1546 fori
435 1494 526 1563 jurgia
536 1510 625 1555 rauce,
640 1510 690 1546 nec

281 1587 380 1640 Pelmae
397 1588 577 1656 sanguineum
590 1589 689 1642 decus:

174 1729 299 1799 Cumque
312 1730 414 1783 instant
426 1731 552 1791 tenebre,
568 1737 595 1784 et
607 1730 655 1784 lux
667 1729 757 1782 brevis
770 1729 882 1791 occidit,

174 1824 209 1877 Et
221 1826 286 1878 ludo
299 1833 398 1886 sutura,
414 1832 441 1877 et
452 1823 525 1877 iesse
535 1823 679 1884 laboribus,
999 1847 1000 1909 i

174 1920 249 1974 Mors
261 1921 414 1990 longusque
426 1926 510 1988 sopor
520 1920 640 1973 membru
648 1920 768 1988 jacentia

280 2017 568 2086 Componentpieeide
579 2023 693 2068 manu·

165 2204 194 2240 IN
208 2203 338 2240 STATUAM
351 2203 572 2241 suentensem
584 2203 715 2240 rursum
729 2202 916 2240 mammis.

235 2309 338 2362 Iussus
351 2317 475 2373 venuste,
491 2310 538 2378 qui
549 2325 639 2363 saeros
652 2309 746 2362 dulces
759 2324 845 2377 egens

350 2403 381 2456 Iu
394 2403 447 2457 hoc
456 2420 568 2473 sopores
578 2419 720 2465 marmore.

260 2498 443 2552 Plecidissime
454 2500 547 2566 quiete
559 2501 724 2569 compos'tus
732 2499 816 2568 jaces,

334 2593 371 2646 Et
382 2594 484 2648 inscius
497 2596 584 2664 culpe
598 2602 626 2649 et
638 2601 737 2655 metus,

234 2689 336 2740 Somno
348 2688 453 2749 frueris,
469 2690 549 2741 docta
560 2703 641 2756 quum
654 2687 729 2739 dedit
740 2702 841 2742 munus

321 2782 487 2848 Sculptoris;
509 2789 536 2832 et
548 2797 645 2834 somno
658 2781 748 2843 simul,

256 2874 345 2930 Quem
358 2874 444 2924 nescit
457 2873 551 2924 artifex
566 2875 664 2927 velers
678 2875 815 2942 effingere,

389 2963 496 3016 Frueris
510 2966 682 3021 innocentie).
