2002 3400
243 185 372 226 sarsana
392 185 655 228 nudatoeasrarcs.
797 177 852 228 259

45 321 100 378 Ter
113 325 197 380 felix!
218 327 266 381 sed
278 327 335 397 jam
348 328 436 381 brevis
449 328 503 382 heu
517 327 644 382 victoria!
664 328 777 396 longum

44 420 104 475 Nec
117 429 158 483 tu,
174 422 260 476 victor
269 440 362 492 eques,
377 441 428 477 nec
441 430 472 477 tu
485 425 649 492 spectabere,
662 441 783 492 serpens.

78 516 162 579 Hinc,
177 519 272 586 procul
283 519 347 572 hinc
359 518 493 572 bellorum
506 519 558 581 irae,
574 519 712 586 caedisque
725 526 841 572 cruenta

43 612 183 666 Abscedat
195 613 465 668 facies-Placidum
479 620 560 682 caput
573 612 655 667 eccel
696 615 795 684 Lyaeus

42 707 148 770 Intulit,
164 717 191 762 et
203 711 278 764 laetos
290 711 418 778 expandit
428 710 526 763 frontis
537 711 663 764 honores.

41 803 151 858 Ardent
163 805 260 859 suffusi
271 822 406 873 generoso
419 822 534 858 munere
547 805 648 866 vultus,

39 899 249 969 Purpureisque
261 902 362 955 rubent
375 901 487 954 intextae
498 901 618 953 crinibus
631 918 701 953 uvae.

38 995 88 1050 Ille
100 997 281 1065 abit—usque
294 998 362 1051 adeo
374 997 464 1050 brevis
477 1005 519 1049 est
528 997 648 1050 humana
660 994 800 1063 voluptas!

37 1092 152 1162 Insigne
164 1093 330 1147 horrendum
344 1093 420 1156 lethi,
435 1093 589 1161 tumulique
599 1093 730 1160 supellex,

37 1188 179 1243 Continuo
192 1190 265 1242 subit
278 1206 309 1242 os
321 1189 447 1251 bominis,
460 1189 506 1243 cui
517 1189 604 1257 gratia
616 1190 702 1242 nudas

35 1285 123 1338 Nulla
134 1301 217 1352 genas
227 1285 316 1346 vestit,
329 1285 452 1352 nullique
464 1285 492 1336 in
505 1284 607 1336 vertice
619 1284 723 1344 crines;

34 1379 111 1434 Hinc
123 1386 207 1449 atque
218 1380 282 1433 hinc
295 1396 372 1434 rarus
383 1379 462 1432 fracti
474 1380 576 1432 circum
586 1379 640 1432 oris
649 1378 753 1432 hiatum

32 1475 114 1530 Dens
127 1476 210 1529 haeret
221 1477 336 1544 passim3
358 1477 496 1529 excutitur
510 1474 633 1528 defossus
648 1480 763 1542 utraque

32 1572 110 1625 Sede
121 1571 219 1625 oculus
238 1579 418 1640 moestumque
430 1571 505 1624 intus
517 1577 655 1639 spectatur
668 1571 756 1624 inane.

70 1666 174 1720 Avolat
186 1666 242 1719 baec
254 1666 345 1720 subito
359 1666 499 1719 notissima
512 1666 606 1719 mortis
619 1667 715 1734 imago,

32 1763 72 1814 At
87 1761 174 1829 magis
183 1762 360 1824 horrendum,
375 1763 461 1831 magis
473 1762 608 1814 illaetabile
620 1768 758 1830 spectrum

30 1859 196 1912 Adventare
208 1865 319 1917 mouet;
341 1858 443 1912 sensim
456 1875 486 1912 se
499 1859 576 1910 tarda
588 1858 708 1911 tenebris

28 1954 122 2007 Effert
135 1951 235 2021 effigies
249 1954 348 2022 (qualis
361 1971 412 2007 nec
425 1954 527 2006 tristior
540 1953 596 2006 ulla

28 2054 135 2108 Terret
146 2067 238 2113 annm,
253 2051 383 2121 hybernoe
393 2067 441 2118 per
455 2050 512 2103 dira
525 2049 632 2102 silentia
645 2050 741 2111 noctis,

27 2148 161 2216 Sopitum
174 2147 240 2200 dum
253 2147 310 2200 sola
322 2146 420 2199 sedens
433 2146 560 2199 dormitat
572 2146 605 2198 ad
613 2145 718 2214 ignem;

25 2245 104 2298 Cum
119 2249 210 2295 certos
227 2242 329 2294 umbrae
341 2244 474 2295 adventus
487 2240 648 2308 subitusque
660 2241 777 2294 lucernae

26 2339 182 2406 Praesignat
194 2338 278 2404 pallor
290 2344 381 2390 tractre
392 2338 545 2405 stridorque
558 2341 671 2404 catenae)

23 2433 183 2490 Descendit
195 2433 265 2485 stola
276 2432 398 2501 lugubris
411 2433 445 2485 de
458 2432 559 2485 vertice
571 2432 604 2484 ad
617 2432 686 2484 imos

25 2533 61 2586 ln
76 2531 183 2584 nodum
196 2530 311 2583 collecta
322 2530 406 2598 pedes
417 2551 424 2590 ;
445 2530 539 2582 taedam
553 2529 597 2581 illa
609 2529 717 2582 sinistra

22 2627 180 2683 Praetendit
191 2625 312 2689 feralem,
329 2634 356 2679 et
367 2625 536 2680 formidabile
545 2625 635 2693 pallet.

22 2726 53 2781 O
67 2739 213 2792 nunquam
225 2723 275 2775 tibi
286 2723 390 2776 visendi
402 2730 456 2775 tarn
469 2721 583 2774 funebre
594 2727 745 2774 monstrum

21 2823 69 2875 Sit
83 2819 217 2880 studium,
229 2819 304 2888 virgo
315 2840 322 2878 ;
342 2818 482 2873 insomnis
495 2817 543 2871 tibi
554 2818 631 2871 triste
641 2825 762 2871 recurret

19 2919 142 2978 Visum;
162 2916 271 2970 sudabis
282 2916 388 2978 frustra,
404 2916 557 2984 frustraque
570 2915 689 2983 requires

19 3016 121 3076 Quem
134 3028 247 3081 prenses
259 3019 334 3066 arcto
346 3011 472 3080 amplexu
485 3010 651 3079 trepidisque
663 3010 777 3072 lacertis,
