1994 3398
303 171 386 209 sucu
403 171 438 207 ar
457 169 594 208 coarnou.
814 155 848 215 79

49 308 171 367 Vidistin’
186 312 264 380 (quin
277 324 347 380 saepc
359 312 433 365 vides
444 310 465 380 l)
488 319 519 365 ut
531 312 657 381 languida
669 319 790 366 marcent

85 408 160 471 lilia,
176 425 235 477 quae
247 409 344 462 subitae
356 415 502 476 praegravat
514 408 599 462 imber
611 408 706 478 aqua?

51 505 139 559 Lento
151 504 190 558 sic
203 501 281 572 periit
294 505 364 567 tabo,
379 505 417 558 sic
430 505 524 573 palluit
536 505 588 566 ille,

87 603 131 655 Ac
142 601 224 654 finem
239 609 360 655 extremo
374 602 430 671 jam
442 610 604 671 properante
617 601 668 655 die.

50 699 112 753 Hoc
125 699 233 752 monitae
243 699 375 766 exemplo,
391 699 502 752 blandos
513 699 613 752 fallacis
626 700 746 762 amantia,

86 797 204 850 Credula
215 813 263 850 vos
276 796 401 866 nymphae
413 797 501 856 corda,
516 797 611 850 timete
623 796 717 850 dolos:

48 889 161 955 Discite,
177 911 225 946 vos
234 893 359 960 juvenes,
374 893 462 946 laesam
475 909 556 963 quam
568 899 642 946 certa
653 893 767 946 deorum

84 990 210 1043 deicta
219 990 379 1060 insequitur,
393 1006 473 1058 quam
485 989 573 1058 gravis
584 990 631 1051 ira,
645 988 735 1042 fidem.

49 1313 164 1370 Tinnitu
177 1315 268 1369 sonuit
281 1323 359 1369 terno
371 1314 536 1383 campanula,
552 1322 650 1368 cuncta

84 1414 175 1468 Nocte
187 1412 347 1481 intempesta
359 1429 422 1466 cum
435 1411 533 1466 siluere
545 1411 612 1465 loca.

48 1511 159 1580 Terque
171 1511 212 1564 ala
224 1511 386 1579 increpitans
398 1509 500 1570 cornix,
516 1516 658 1579 rostroque
670 1499 815 1563 fenestram

83 1608 208 1669 Pulsaus,
222 1606 336 1660 lethales
349 1605 431 1661 edidit
444 1621 492 1658 ore
504 1621 595 1658 sonos.

48 1705 172 1773 Accepit,
186 1705 317 1772 novitque
329 1718 418 1764 omen,
433 1704 503 1756 bene
515 1703 623 1757 conscia
635 1703 710 1772 virgo

82 1803 150 1865 Fati,
165 1801 255 1856 feralis
267 1801 339 1870 quod
352 1800 488 1854 recinebat
500 1800 572 1861 avis;

46 1899 82 1952 Et
94 1899 215 1952 moriens
228 1897 353 1968 nymphis
364 1899 467 1952 circum
479 1897 690 1968 lacrymantibus
701 1897 768 1959 infir,

82 1996 129 2050 Sic
141 2012 224 2064 super
236 1994 357 2064 exequiis
369 1989 534 2064 illacrymata
545 1993 610 2047 suis.

45 2338 179 2391 “Vocem
192 2352 252 2404 ego,
267 2352 346 2406 quam
360 2335 435 2390 vobis
449 2351 504 2389 non
517 2341 558 2389 est
569 2334 671 2398 audire,
683 2332 827 2402 jubentem

80 2434 183 2495 Audio,
199 2439 331 2486 maturem
344 2433 560 2501 praecipitemque
571 2431 673 2501 lugam.

43 2531 194 2584 Dexteraur
205 2547 264 2600 ego,
276 2547 357 2599 quam
367 2531 442 2584 vobis
452 2547 507 2584 non
518 2537 558 2584 est
568 2537 697 2598 spectare,
708 2533 845 2580 vetantem

79 2629 191 2700 Specto,
206 2645 242 2682 ne
253 2627 352 2697 fingam
365 2627 430 2697 quid
441 2627 590 2682 mediterve
602 2641 691 2678 more.

44 2724 75 2778 In
86 2726 181 2794 prima
192 2723 293 2778 morior
305 2723 416 2786 succisa,
431 2722 485 2776 heu
495 2721 502 2776 1
527 2723 594 2775 flore
603 2720 731 2790 juventa,

78 2821 203 2876 Pectoris
214 2819 290 2874 infidi
298 2825 376 2887 cepta
386 2818 476 2887 puella
487 2818 558 2872 dolo.

44 2917 112 2972 lude
124 2934 233 2986 aequum
248 2923 275 2970 et
286 2915 326 2970 las
340 2923 382 2968 est
394 2915 459 2969 vitio
472 2914 538 2969 mihi
551 2919 665 2974 vertere,
680 2928 784 2981 sponse

79 3015 165 3076 Quod
178 3014 266 3068 minor
279 3020 320 3066 est
332 3012 413 3082 longe
425 3013 474 3067 dos
486 3027 548 3066 mea
559 3011 624 3064 dote
636 3009 733 3063 nove?
