1994 3398
292 168 360 203 roura
380 167 445 202 loir
465 167 542 203 roma.
769 151 818 200 143

24 312 152 374 Quantus
162 309 249 364 honos
261 313 319 372 arti,
334 327 382 379 per
394 326 475 380 quam
487 309 575 378 placet
588 309 645 377 ipsa
657 316 799 369 senectam

58 409 127 469 Quae
140 406 213 469 facit,
228 415 259 460 ut
272 407 397 477 nymphis
410 407 562 460 invideatur
574 404 658 460 anus!

23 504 124 559 Pictori
136 503 209 556 cedit
221 519 279 571 quae
291 502 383 571 gloria,
398 519 461 556 cum
474 519 525 556 nec
541 502 631 571 Apelli
702 487 707 496 ’

59 601 192 671 Majorem
204 600 302 654 famam
315 599 361 654 det
376 599 512 670 Cytherea
523 598 589 654 suo!

246 1267 346 1322 IDEM
367 1267 465 1322 AGIT
485 1265 596 1322 IDEM.

19 1465 163 1517 Paucum
176 1462 210 1516 ad
222 1463 361 1531 speculum
372 1462 443 1515 saltu
454 1461 557 1516 lascivit
569 1459 662 1523 herile,

56 1560 198 1614 Lascivam
207 1559 277 1612 saltu
289 1557 478 1626 feliculamque
487 1558 569 1611 videt.

19 1655 106 1724 Nigra
118 1655 193 1708 videt
205 1655 308 1724 nigram
318 1675 325 1716 ;
344 1655 446 1708 bicolor
457 1671 532 1715 naso,
547 1653 692 1707 bicolorem
703 1675 711 1714 ;

56 1754 216 1822 Glauoaque
227 1758 401 1822 torquentem
412 1751 523 1814 lumina,
538 1752 633 1820 glauca
645 1758 734 1806 tuens.

17 1851 56 1903 Et
67 1850 171 1904 sociam
182 1850 217 1903 ad
224 1849 301 1903 lusus
310 1849 390 1902 lentae
401 1848 588 1902 incurvamine
597 1848 688 1902 caudae

54 1949 200 2010 Provocat,
215 1953 243 2000 et
251 1947 333 2015 lepidi
344 1946 492 2000 mobilitate
504 1946 590 2014 pedis.

16 2044 145 2114 Utraque
163 2049 306 2112 utramque
317 2042 432 2106 lacessit,
449 2049 476 2096 et
489 2048 604 2112 utraque
615 2043 705 2112 palpat
719 2050 818 2097 utram-

88 2157 163 2209 que;

53 2237 92 2289 Et
104 2235 187 2288 molle
199 2235 336 2304 oppositos
349 2235 463 2304 explieat
476 2235 647 2306 unguiculos.

11 2333 79 2386 Jam
90 2338 181 2386 tumet
193 2333 221 2385 in
234 2338 349 2401 tergum,
365 2339 392 2386 et
404 2333 541 2388 simulatas
554 2333 647 2402 expuit
659 2334 727 2395 iras;

54 2431 92 2484 Et
104 2436 202 2493 tumet,
217 2437 245 2484 et
254 2429 355 2484 similes
367 2431 460 2499 expuit
471 2433 567 2485 umbra
579 2431 673 2484 minas.

14 2528 152 2590 Quanam
165 2528 221 2582 haeo
233 2529 276 2591 sit,
290 2529 456 2584 mimauude
468 2530 577 2583 suitam
590 2529 703 2592 mimica,
716 2528 809 2597 quaerit

55 2624 136 2688 Folia,
151 2641 186 2678 an
199 2625 227 2678 in
239 2625 358 2693 speculo,
373 2632 435 2694 post
446 2626 633 2695 speculumne.
648 2626 707 2678 siet.

11 2724 62 2777 Te
74 2739 194 2793 quoque,
208 2729 367 2792 praesentem
381 2738 505 2791 praesens,
521 2739 601 2792 quam
614 2721 718 2792 quaeris,
734 2728 761 2775 et
773 2719 818 2774 illa

57 2819 168 2881 Quaerit,
182 2835 217 2872 an
229 2820 257 2873 in
269 2819 388 2888 speculo,
403 2827 465 2888 post
476 2819 661 2888 speculorum,
672 2819 734 2872 sies.

13 2916 161 2973 Alterutra
172 2918 329 2971 alterutram
341 2917 489 2987 quaeritque
502 2924 529 2970 et
541 2917 656 2987 decipit;
676 2917 758 2984 idque

57 3013 179 3068 Feliculae
190 3013 286 3077 facitis,
300 3015 374 3084 quod
383 3014 448 3068 lauis
460 3030 522 3075 una,
534 3013 601 3066 duae.
