2036 3400
398 153 501 188 vcruu.
815 135 850 184 59

55 292 113 354 Qus
125 309 223 346 nemus
236 293 403 354 umbrosum,
419 299 446 345 et
459 290 577 346 salientis
590 305 729 342 murmura
741 288 800 348 rivi,

85 387 155 442 Esto
167 388 195 440 in
208 394 365 456 conspectu,
380 388 429 441 sed
440 387 536 456 procul
549 375 616 449 estc,
632 403 713 440 mare.

53 483 180 539 Planities
189 485 276 553 juxte,
291 485 351 538 sinc
362 483 435 538 fosse
446 491 494 537 sut
506 500 578 552 sepe,
594 483 713 551 mihique

85 581 244 634 Porrectsm
257 587 285 634 et
297 596 398 634 menno
411 581 457 634 det
469 579 586 649 spatiose
597 579 677 632 viam.

50 680 142 748 AEquo
153 679 274 734 ananum
287 679 407 747 imperio,
423 685 476 732 elc.

51 871 173 935 Flaccus
189 871 342 934 Petrarcha,
358 879 385 925 et
397 878 520 925 veterum
533 871 600 925 liber
612 887 686 925 unus
698 879 725 925 et
737 872 804 924 alter

88 968 198 1030 ausint,
212 968 313 1036 ingenii
326 984 394 1036 quos
407 967 551 1022 celebravit
564 967 659 1020 honor.

52 1065 233 1119 Commendet
246 1065 358 1133 dapibus
370 1064 473 1127 melior,
488 1065 631 1134 potiorque
642 1065 735 1126 ferina,

86 1162 203 1216 Fercula
214 1162 368 1230 simplicitas
380 1161 573 1230 munditiae'qus
585 1179 654 1215 mes.

49 1260 141 1328 AEquo
154 1259 274 1314 animum
287 1259 407 1327 imperio,
422 1265 475 1312 etc.

77 1439 88 1476 1
111 1435 260 1498 Neptunum
271 1433 356 1497 procul
367 1449 382 1481 a
393 1433 469 1481 terris
480 1442 592 1497 spectare
605 1433 736 1482 furentem.
772 1433 851 1480 Isau.

251 1499 407 1548 Jactantibus
418 1514 516 1562 aequora
527 1498 617 1554 ventis,

109 1565 133 1612 E
145 1573 220 1621 terra,
232 1579 347 1626 magnum
360 1563 462 1612 alterius
473 1573 585 1627 spectare
595 1563 713 1621 laborem,

104 1653 239 1665 --··
249 1629 305 1676 Tua
317 1629 371 1677 sine
383 1639 453 1692 parte
464 1628 553 1692 pericli
563 1646 569 1674 t

109 1694 169 1742 Non
183 1694 241 1756 quia
252 1694 337 1742 vexari
348 1710 487 1756 quenquam
498 1703 537 1742 cst
544 1694 655 1755 jucunda
667 1693 788 1758 voluptas,

109 1759 161 1808 Sed
174 1759 263 1820 quibus
276 1759 330 1822 ipsc
341 1759 413 1808 malis
423 1774 514 1814 careus,
528 1759 587 1822 quia
595 1769 697 1808 cernere
710 1759 781 1808 dulce
793 1769 838 1808 est.

506 1839 509 1849 ·
770 1825 853 1874 Lucu.

71 1913 91 1939 Ν
111 1907 135 1954 Α
156 1905 252 1954 famous
274 1905 365 1954 Italica
383 1918 449 1970 poet,
467 1907 520 1955 who
538 1905 674 1956 flourished
690 1906 717 1954 in
733 1906 775 1954 the
795 1906 852 1954 lssth

42 1981 171 2034 century;
194 1970 226 2018 he
245 1986 293 2019 was
313 1987 359 2020 one
381 1973 409 2019 of
423 1972 465 2020 the
482 1972 536 2020 first
552 1982 672 2021 restores-s
689 1973 718 2020 ol
730 1972 852 2036 learning.

45 2037 102 2086 The
114 2036 206 2084 author
218 2035 246 2084 of
255 2036 304 2084 this
317 2037 388 2084 Wish
399 2038 444 2086 has
460 2038 543 2102 began
561 2048 585 2086 to
603 2038 671 2086 write
685 2038 724 2104 his
738 2038 789 2095 lile,
804 2037 853 2086 and

43 2102 150 2166 designs
162 2101 233 2165 (God
246 2101 353 2166 willing)
365 2103 391 2150 in
404 2103 497 2152 ashort
509 2103 568 2151 time
580 2113 604 2152 to
616 2103 716 2168 publish
728 2103 755 2151 it.

77 2192 90 2216 ⁰
109 2183 205 2247 Accipe
219 2198 293 2240 nunc,
304 2183 384 2232 victus
396 2185 477 2232 tenuis
489 2201 543 2248 quae
556 2195 696 2249 quantaque
709 2200 792 2234 secum

106 2247 218 2296 Afferat:
241 2248 364 2312 imprimis
376 2250 458 2298 valeas
470 2252 540 2306 bene,
551 2265 608 2298 nam
622 2251 695 2298 variae
706 2265 746 2298 res

108 2313 145 2360 Ut
156 2321 266 2361 noceant
276 2313 379 2371 homini,
392 2316 486 2372 credas,
498 2331 592 2364 memor
603 2315 670 2364 illius
683 2332 745 2363 escae

106 2379 172 2433 Quae
183 2378 291 2442 simplex
303 2378 363 2426 olim
374 2380 419 2428 tibi
431 2381 532 2429 sederit.
565 2381 686 2446 Arsiam}
698 2382 761 2428 assis

107 2443 244 2492 Miscueris
258 2444 331 2503 elixa,
343 2445 417 2492 simul
424 2445 552 2509 conchylia
564 2447 660 2494 turdis:

106 2508 201 2558 Dulcis
213 2523 240 2556 se
252 2508 279 2557 in
293 2509 367 2558 bilem
377 2512 669 2575 vertent,·stomaclioque
681 2511 813 2559 tumultum

106 2574 188 2622 Lenta
202 2573 267 2622 feret
279 2575 384 2638 pituita:
402 2577 471 2624 vides
482 2585 510 2624 ut
522 2576 628 2641 pallidus
644 2577 724 2624 omnis

105 2640 186 2688 Coena
197 2640 317 2702 desurgat
327 2641 416 2697 dubia;
435 2642 495 2704 quin
508 2657 598 2705 corpus
610 2651 726 2689 onustum

108 2704 245 2753 Hesternis
257 2705 334 2763 vitiis,
347 2706 456 2754 animum
467 2723 563 2771 quoque
575 2717 711 2770 praegraval
722 2723 779 2765 una,

105 2772 190 2833 Atque
203 2770 281 2834 affigit
293 2771 363 2818 humi
374 2771 466 2820 divinae
479 2773 626 2837 particulam
638 2787 714 2819 aurae.
783 2773 851 2822 Hon.

75 2849 89 2874 ⁰
105 2877 174 2888 —-
190 2851 230 2898 Ne
243 2859 315 2915 turpe
329 2853 399 2909 toral,
412 2869 443 2901 ne
456 2853 556 2902 sordida
569 2869 659 2917 mappa

104 2917 231 2980 Corruget
242 2932 323 2975 nares,
336 2933 367 2965 ne
380 2933 429 2967 non
443 2928 468 2967 et
477 2919 610 2968 cantharus
622 2927 647 2966 et
658 2918 719 2968 lanx

107 2981 234 3030 Ostendat
245 2983 291 3030 tibi
304 2991 337 3030 te.
709 2987 786 3034 lusu.

838 2905 847 2942 l
