2002 3400
541 151 595 201 248

341 562 540 618 PASSERES
561 563 789 626 INDIGENAE;

212 707 324 762 COLL.
348 705 455 760 TRIN.
478 708 596 761 CANT.
620 706 931 764 COMMENSALES.

166 892 271 947 Iscous
283 894 331 962 qui
340 891 414 947 uiuit
425 895 513 956 sedes,
527 900 576 947 sut
588 895 680 948 viserit
693 895 801 963 hospes,

202 990 331 1043 Newtoni
343 989 444 1058 egregii
455 1007 523 1058 quus
535 990 680 1044 celebravit
692 991 798 1053 honos;

165 1085 294 1155 Viditque
306 1093 334 1139 et
347 1087 479 1149 meminit,
493 1087 573 1140 laetus
585 1087 701 1141 fortusse
713 1088 840 1151 videndo,

203 1182 293 1243 Quam
306 1182 392 1235 multu
402 1183 436 1235 ed
448 1198 556 1236 mensos
567 1183 721 1236 advolittrit
733 1184 798 1237 avis.

167 1278 216 1332 ille
229 1294 281 1332 nec
294 1279 409 1347 ignorat,
423 1279 502 1332 nidos
514 1286 554 1342 ut,
571 1296 635 1333 vere
647 1280 769 1342 ineunte,

202 1376 290 1430 Tecta
300 1391 350 1444 per
362 1383 390 1429 et
400 1376 505 1430 forulos
517 1383 545 1429 et
557 1377 677 1430 tabulata
688 1383 790 1431 struet:

167 1472 205 1526 Ut
218 1489 309 1526 corum
322 1473 420 1526 eduost
431 1479 542 1526 teneros
550 1473 584 1526 sd
596 1473 695 1541 pabula
706 1473 793 1536 foetus,

203 1567 342 1637 Etpssost
354 1569 438 1630 micio,
452 1584 520 1637 quus
532 1569 579 1622 det
591 1569 676 1622 amico
687 1586 793 1622 munus.
991 1583 992 1640 i

167 1663 303 1719 Convivas
314 1664 421 1733 quoties
433 1680 569 1733 campane
580 1666 613 1718 sd
626 1666 737 1733 prandia
748 1665 842 1734 pulsus
991 1649 992 1656 ἶ

204 1758 351 1823 Convocat,
366 1760 440 1813 haud
452 1760 538 1828 epulis
552 1760 650 1814 certior
662 1761 762 1829 hospes
774 1761 858 1815 adest.

168 1855 315 1919 Continuo,
326 1855 450 1924 jucunda
462 1855 544 1908 simul
556 1871 609 1909 vox
620 1854 708 1909 fertur
720 1857 754 1910 ad
765 1873 853 1917 aures.

202 1949 311 2005 Vicinos
323 1967 415 2019 posuer
427 1951 542 2019 quisque
554 1951 682 2020 relinquit
693 1968 781 2021 egros.
825 1991 830 1997 -

168 2046 325 2115 Hospitium
337 2047 371 2101 sd
383 2053 481 2101 notum
493 2054 667 2115 properatum
688 2055 716 2101 et
729 2048 824 2103 ordine
836 2055 937 2103 stantes

202 2144 355 2213 Expectent
367 2145 444 2214 pnnis
456 2145 587 2213 fragmino
598 2145 713 2213 quisque
725 2161 783 2198 sua.

168 2240 227 2294 Hos
239 2247 340 2305 tamen,
354 2240 406 2294 hos
418 2257 522 2303 omnes,
539 2240 584 2293 vix
595 2257 652 2294 uno
664 2240 762 2308 largior
774 2257 852 2295 asse:

204 2336 335 2404 Sumptus
347 2350 396 2403 per
407 2341 494 2388 totum
507 2336 593 2403 pascit
604 2335 707 2404 alitque
720 2335 802 2389 diem.

167 2433 251 2487 Hunc
263 2447 358 2492 unum,
373 2430 447 2484 hunc
454 2431 593 2485 modicum
604 2432 668 2498 (neo
678 2431 821 2500 quisquam
829 2433 962 2500 inviderit)

236 2544 324 2582 assem

202 2625 347 2694 Indigenoe,
362 2625 471 2694 hospitii
478 2625 551 2694 jure,
565 2632 706 2678 merentur
718 2641 791 2679 sves.

992 2641 993 2660 i

991 2831 993 2848 i

992 3033 993 3054 i

992 3103 993 3114 r

991 3145 993 3162 i
