2036 3400
211 187 352 228 subulcum
367 189 454 228 TRIUM
467 191 682 228 rsusnnlusnuu.

159 323 248 392 Ignes,
263 323 374 378 diurnos
387 332 417 378 ut
429 325 542 389 labores,

194 418 238 472 Sic
251 427 379 474 renovate
390 421 475 476 melos
488 421 623 475 diurnum.

121 511 231 570 Vidistis
242 517 329 579 ambo,
344 525 411 586 quot
423 519 528 572 dederit
540 519 619 576 bone,

123 610 295 666 Monstrustis
306 613 401 666 ambo:
421 621 582 682 perpetuum
597 614 650 667 Dei

157 708 285 777 Ergoque
298 709 439 763 nobiseum
451 710 571 764 levorem

193 804 330 873 Perpetuo
340 806 475 861 celebrate
486 809 591 876 plausu.

122 995 147 1051 0
160 996 246 1051 mults
257 998 395 1052 stellarum
408 999 513 1068 agmina
524 998 623 1062 lucide,

121 1090 219 1162 Fulget
231 1093 329 1147 decore
341 1094 416 1162 queis
429 1094 529 1148 variato
540 1111 603 1156 nox,

157 1187 272 1242 Narrate
282 1187 384 1252 laudes,
400 1206 456 1252 vos,
471 1189 488 1242 J
490 1190 590 1252 ehem,

194 1283 332 1338 Sideribus
345 1285 553 1338 numerosiores.

121 1377 176 1434 Vos
189 1386 217 1433 et
229 1380 461 1444 chorees'ducere
476 1398 525 1436 vos
537 1383 617 1437 simul

122 1477 238 1532 Contere
250 1477 348 1533 nostis:
368 1487 529 1548 perpetuum
543 1479 594 1533 Dei

156 1573 284 1644 Ergoque
296 1575 436 1629 nobiscum
448 1575 567 1629 favorem

192 1671 328 1740 Perpetuo
341 1672 474 1726 celebrate
485 1673 589 1741 plausu.

37 1913 43 1922 ,
121 1861 224 1918 Duloes
236 1863 342 1918 tenellis
355 1881 371 1918 o
384 1865 480 1933 pluviae
492 1865 564 1928 satis,

121 1959 243 2029 Letique
255 1976 329 2014 rores
341 1961 470 2015 imbribus
482 1960 600 2015 humidis
610 1983 618 2022 ;

156 2055 362 2124 Languentibus
374 2057 421 2126 qui
433 2057 501 2111 colle
513 2073 593 2110 mene

191 2150 315 2206 Floribus
327 2151 438 2220 erigitis,
452 2153 553 2206 referte

121 2245 160 2300 Ut
172 2247 244 2300 dono
256 2264 358 2302 numen
371 2265 419 2302 vos
431 2248 570 2312 imitantia,

121 2343 160 2397 Ut
172 2345 243 2398 done
254 2345 360 2406 mittete
380 2352 542 2414 perpetuum
556 2346 609 2400 Dei

157 2439 273 2509 Unaque
284 2441 425 2496 nobiscum
437 2440 557 2495 levorem

192 2537 328 2606 Perpetuo
341 2539 474 2593 celebrate
485 2539 591 2607 plausu.

119 2728 203 2783 Venti
213 2737 341 2786 sonantes
353 2731 460 2786 flamine
472 2733 590 2796 turbido,

120 2824 206 2892 (Nam
217 2825 303 2880 fertur
314 2827 362 2882 alis
374 2828 435 2897 plus
448 2827 506 2882 vioe
520 2828 642 2898 simplice

157 2919 255 2977 liuisse
268 2923 363 2979 vestris
375 2924 521 2980 obvolutus

193 3019 371 3090 Omnipotens
385 3037 431 3090 per
444 3021 523 3074 inune
536 3023 654 3086 vastum)

829 177 845 232 7
871 210 873 215 .
