<?xml version="1.0" encoding="UTF-8"?>
<!DOCTYPE html PUBLIC "-//W3C//DTD XHTML 1.0 Transitional//EN"
    "http://www.w3.org/TR/xhtml1/DTD/xhtml1-transitional.dtd">
<html xmlns="http://www.w3.org/1999/xhtml" xml:lang="en" lang="en">
 <head>
  <title>
</title>
<meta http-equiv="Content-Type" content="text/html;charset=utf-8" />
  <meta name='ocr-system' content='tesseract 3.04.00' />
  <meta name='ocr-capabilities' content='ocr_page ocr_carea ocr_par ocr_line ocrx_word'/>
</head>
<body>
  <div class='ocr_page' id='page_1' title='image "./poeticalworksla01bourgoog_0271.png"; bbox 0 0 2002 3400; ppageno 0'>
   <div class='ocr_carea' id='block_1_1' title="bbox 205 148 826 198">
    <p class='ocr_par' dir='ltr' id='par_1_1' title="bbox 205 148 826 198">
     <span class='ocr_line' id='line_1_1' title="bbox 205 148 826 198; baseline 0.008 -5"><span class='ocrx_word' id='word_1_1' title='bbox 205 158 340 193; x_wconf 71' lang='lat' dir='ltr'>rasuram</span> <span class='ocrx_word' id='word_1_2' title='bbox 360 158 431 194; x_wconf 78' lang='lat' dir='ltr'>auur</span> <span class='ocrx_word' id='word_1_3' title='bbox 450 158 640 196; x_wconf 68' lang='lat' dir='ltr'>unimammas.</span> <span class='ocrx_word' id='word_1_4' title='bbox 775 148 826 198; x_wconf 79' lang='lat'>251</span> 
     </span>
    </p>
   </div>
   <div class='ocr_carea' id='block_1_2' title="bbox 27 295 815 3050">
    <p class='ocr_par' dir='ltr' id='par_1_2' title="bbox 28 295 783 1027">
     <span class='ocr_line' id='line_1_2' title="bbox 28 295 730 366; baseline 0.003 -18"><span class='ocrx_word' id='word_1_5' title='bbox 28 295 109 348; x_wconf 84' lang='lat' dir='ltr'>Haud</span> <span class='ocrx_word' id='word_1_6' title='bbox 122 295 216 350; x_wconf 86' lang='lat' dir='ltr'>niveos</span> <span class='ocrx_word' id='word_1_7' title='bbox 229 313 343 365; x_wconf 91' lang='lat' dir='ltr'>usquam</span> <span class='ocrx_word' id='word_1_8' title='bbox 356 297 501 352; x_wconf 82' lang='lat' dir='ltr'>tondentes</span> <span class='ocrx_word' id='word_1_9' title='bbox 513 304 587 365; x_wconf 84' lang='lat' dir='ltr'>prata</span> <span class='ocrx_word' id='word_1_10' title='bbox 595 297 730 366; x_wconf 84' lang='lat' dir='ltr'>juvencos</span> 
     </span>
     <span class='ocr_line' id='line_1_3' title="bbox 29 391 731 462; baseline 0.001 -18"><span class='ocrx_word' id='word_1_11' title='bbox 29 391 148 445; x_wconf 87' lang='lat' dir='ltr'>Cernere</span> <span class='ocrx_word' id='word_1_12' title='bbox 160 393 218 454; x_wconf 84' lang='lat' dir='ltr'>erit,</span> <span class='ocrx_word' id='word_1_13' title='bbox 234 393 281 445; x_wconf 85' lang='lat' dir='ltr'>lati</span> <span class='ocrx_word' id='word_1_14' title='bbox 293 410 344 447; x_wconf 84' lang='lat' dir='ltr'>nec</span> <span class='ocrx_word' id='word_1_15' title='bbox 356 400 449 462; x_wconf 84' lang='lat' dir='ltr'>aperte</span> <span class='ocrx_word' id='word_1_16' title='bbox 460 410 508 462; x_wconf 87' lang='lat' dir='ltr'>per</span> <span class='ocrx_word' id='word_1_17' title='bbox 522 409 629 462; x_wconf 82' lang='lat' dir='ltr'>aequora</span> <span class='ocrx_word' id='word_1_18' title='bbox 643 393 731 461; x_wconf 80' lang='lat' dir='ltr'>campi</span> 
     </span>
     <span class='ocr_line' id='line_1_4' title="bbox 28 486 674 558; baseline 0.006 -20"><span class='ocrx_word' id='word_1_19' title='bbox 28 486 125 540; x_wconf 87' lang='lat' dir='ltr'>Evolat</span> <span class='ocrx_word' id='word_1_20' title='bbox 134 487 216 540; x_wconf 81' lang='lat' dir='ltr'>Eleiis</span> <span class='ocrx_word' id='word_1_21' title='bbox 228 489 353 556; x_wconf 83' lang='lat' dir='ltr'>sonipes;</span> <span class='ocrx_word' id='word_1_22' title='bbox 372 506 460 557; x_wconf 90' lang='lat' dir='ltr'>genus</span> <span class='ocrx_word' id='word_1_23' title='bbox 472 507 534 543; x_wconf 87' lang='lat' dir='ltr'>acre</span> <span class='ocrx_word' id='word_1_24' title='bbox 546 489 674 558; x_wconf 91' lang='lat' dir='ltr'>luporum</span> 
     </span>
     <span class='ocr_line' id='line_1_5' title="bbox 28 583 783 654; baseline 0.001 -19"><span class='ocrx_word' id='word_1_25' title='bbox 28 585 132 651; x_wconf 81' lang='lat' dir='ltr'>Aspera</span> <span class='ocrx_word' id='word_1_26' title='bbox 143 583 230 637; x_wconf 91' lang='lat' dir='ltr'>nutrit</span> <span class='ocrx_word' id='word_1_27' title='bbox 242 583 337 646; x_wconf 89' lang='lat' dir='ltr'>hiems,</span> <span class='ocrx_word' id='word_1_28' title='bbox 352 585 513 654; x_wconf 78' lang='lat' dir='ltr'>ululantque</span> <span class='ocrx_word' id='word_1_29' title='bbox 527 586 555 638; x_wconf 91' lang='lat' dir='ltr'>in</span> <span class='ocrx_word' id='word_1_30' title='bbox 567 584 706 638; x_wconf 88' lang='lat' dir='ltr'>montibus</span> <span class='ocrx_word' id='word_1_31' title='bbox 719 583 783 637; x_wconf 87' lang='lat' dir='ltr'>ursi.</span> 
     </span>
     <span class='ocr_line' id='line_1_6' title="bbox 29 677 745 749; baseline 0.001 -18"><span class='ocrx_word' id='word_1_32' title='bbox 29 678 87 731; x_wconf 87' lang='lat' dir='ltr'>Nec</span> <span class='ocrx_word' id='word_1_33' title='bbox 100 677 189 732; x_wconf 87' lang='lat' dir='ltr'>moliri</span> <span class='ocrx_word' id='word_1_34' title='bbox 201 695 285 742; x_wconf 88' lang='lat' dir='ltr'>arces,</span> <span class='ocrx_word' id='word_1_35' title='bbox 299 678 371 734; x_wconf 81' lang='lat' dir='ltr'>ferro</span> <span class='ocrx_word' id='word_1_36' title='bbox 383 687 432 734; x_wconf 83' lang='lat' dir='ltr'>aut</span> <span class='ocrx_word' id='word_1_37' title='bbox 444 680 618 749; x_wconf 88' lang='lat' dir='ltr'>proscindere</span> <span class='ocrx_word' id='word_1_38' title='bbox 630 679 745 749; x_wconf 80' lang='lat' dir='ltr'>glebam,</span> 
     </span>
     <span class='ocr_line' id='line_1_7' title="bbox 29 773 758 844; baseline 0.001 -17"><span class='ocrx_word' id='word_1_39' title='bbox 29 773 101 828; x_wconf 87' lang='lat' dir='ltr'>Cura</span> <span class='ocrx_word' id='word_1_40' title='bbox 112 773 185 827; x_wconf 82' lang='lat' dir='ltr'>subit</span> <span class='ocrx_word' id='word_1_41' title='bbox 196 774 329 842; x_wconf 86' lang='lat' dir='ltr'>populos;</span> <span class='ocrx_word' id='word_1_42' title='bbox 349 775 425 829; x_wconf 87' lang='lat' dir='ltr'>labor</span> <span class='ocrx_word' id='word_1_43' title='bbox 439 791 513 829; x_wconf 91' lang='lat' dir='ltr'>unus</span> <span class='ocrx_word' id='word_1_44' title='bbox 526 781 554 828; x_wconf 88' lang='lat' dir='ltr'>et</span> <span class='ocrx_word' id='word_1_45' title='bbox 566 791 622 828; x_wconf 90' lang='lat' dir='ltr'>una</span> <span class='ocrx_word' id='word_1_46' title='bbox 634 774 758 844; x_wconf 87' lang='lat' dir='ltr'>voluptas</span> 
     </span>
     <span class='ocr_line' id='line_1_8' title="bbox 28 868 633 938; baseline 0.002 -16"><span class='ocrx_word' id='word_1_47' title='bbox 28 869 60 922; x_wconf 91' lang='lat' dir='ltr'>Iu</span> <span class='ocrx_word' id='word_1_48' title='bbox 72 868 157 938; x_wconf 78' lang='lat' dir='ltr'>sylvia</span> <span class='ocrx_word' id='word_1_49' title='bbox 168 869 270 937; x_wconf 79' lang='lat' dir='ltr'>agitare</span> <span class='ocrx_word' id='word_1_50' title='bbox 281 869 361 932; x_wconf 84' lang='lat' dir='ltr'>feras,</span> <span class='ocrx_word' id='word_1_51' title='bbox 376 870 506 938; x_wconf 92' lang='lat' dir='ltr'>nudoque</span> <span class='ocrx_word' id='word_1_52' title='bbox 519 870 570 923; x_wconf 91' lang='lat' dir='ltr'>sub</span> <span class='ocrx_word' id='word_1_53' title='bbox 582 886 633 923; x_wconf 85' lang='lat' dir='ltr'>axe</span> 
     </span>
     <span class='ocr_line' id='line_1_9' title="bbox 28 964 685 1027; baseline 0.002 -10"><span class='ocrx_word' id='word_1_54' title='bbox 28 964 179 1018; x_wconf 90' lang='lat' dir='ltr'>lndormire</span> <span class='ocrx_word' id='word_1_55' title='bbox 190 964 259 1027; x_wconf 86' lang='lat' dir='ltr'>solo,</span> <span class='ocrx_word' id='word_1_56' title='bbox 275 971 303 1019; x_wconf 89' lang='lat' dir='ltr'>et</span> <span class='ocrx_word' id='word_1_57' title='bbox 315 965 457 1019; x_wconf 77' lang='lat' dir='ltr'>traducere</span> <span class='ocrx_word' id='word_1_58' title='bbox 470 966 573 1019; x_wconf 89' lang='lat' dir='ltr'>duriter</span> <span class='ocrx_word' id='word_1_59' title='bbox 586 981 685 1019; x_wconf 75' lang='lat' dir='ltr'>sevum.</span> 
     </span>
    </p>

    <p class='ocr_par' dir='ltr' id='par_1_3' title="bbox 28 1059 798 1514">
     <span class='ocr_line' id='line_1_10' title="bbox 63 1059 798 1130; baseline 0.004 -17"><span class='ocrx_word' id='word_1_60' title='bbox 63 1059 164 1128; x_wconf 86' lang='lat' dir='ltr'>Tuque</span> <span class='ocrx_word' id='word_1_61' title='bbox 177 1060 257 1114; x_wconf 86' lang='lat' dir='ltr'>etiam</span> <span class='ocrx_word' id='word_1_62' title='bbox 271 1068 395 1115; x_wconf 91' lang='lat' dir='ltr'>nostrum</span> <span class='ocrx_word' id='word_1_63' title='bbox 407 1062 504 1130; x_wconf 87' lang='lat' dir='ltr'>poscis,</span> <span class='ocrx_word' id='word_1_64' title='bbox 522 1061 656 1124; x_wconf 91' lang='lat' dir='ltr'>Saturnie,</span> <span class='ocrx_word' id='word_1_65' title='bbox 672 1078 779 1116; x_wconf 86' lang='lat' dir='ltr'>carmen</span> <span class='ocrx_word' id='word_1_66' title='bbox 791 1085 798 1122; x_wconf 76' lang='lat'>3</span> 
     </span>
     <span class='ocr_line' id='line_1_11' title="bbox 28 1155 738 1226; baseline 0.003 -18"><span class='ocrx_word' id='word_1_67' title='bbox 28 1155 151 1210; x_wconf 82' lang='lat' dir='ltr'>Piscibus</span> <span class='ocrx_word' id='word_1_68' title='bbox 163 1164 224 1225; x_wconf 86' lang='lat' dir='ltr'>apta</span> <span class='ocrx_word' id='word_1_69' title='bbox 237 1157 286 1210; x_wconf 91' lang='lat' dir='ltr'>tibi</span> <span class='ocrx_word' id='word_1_70' title='bbox 298 1163 363 1210; x_wconf 91' lang='lat' dir='ltr'>sunt</span> <span class='ocrx_word' id='word_1_71' title='bbox 376 1174 494 1225; x_wconf 78' lang='lat' dir='ltr'>aequora,</span> <span class='ocrx_word' id='word_1_72' title='bbox 509 1165 574 1211; x_wconf 91' lang='lat' dir='ltr'>sunt</span> <span class='ocrx_word' id='word_1_73' title='bbox 586 1157 635 1210; x_wconf 92' lang='lat' dir='ltr'>tibi</span> <span class='ocrx_word' id='word_1_74' title='bbox 648 1156 738 1226; x_wconf 85' lang='lat' dir='ltr'>sylvae,</span> 
     </span>
     <span class='ocr_line' id='line_1_12' title="bbox 28 1253 748 1322; baseline 0 -16"><span class='ocrx_word' id='word_1_75' title='bbox 28 1253 184 1322; x_wconf 90' lang='lat' dir='ltr'>Fontesque</span> <span class='ocrx_word' id='word_1_76' title='bbox 193 1254 302 1322; x_wconf 85' lang='lat' dir='ltr'>irrigui;</span> <span class='ocrx_word' id='word_1_77' title='bbox 322 1269 413 1322; x_wconf 90' lang='lat' dir='ltr'>neque</span> <span class='ocrx_word' id='word_1_78' title='bbox 426 1254 498 1307; x_wconf 89' lang='lat' dir='ltr'>culta</span> <span class='ocrx_word' id='word_1_79' title='bbox 511 1253 618 1308; x_wconf 85' lang='lat' dir='ltr'>novalia</span> <span class='ocrx_word' id='word_1_80' title='bbox 630 1255 748 1314; x_wconf 87' lang='lat' dir='ltr'>desunt;</span> 
     </span>
     <span class='ocr_line' id='line_1_13' title="bbox 28 1348 796 1418; baseline 0.003 -16"><span class='ocrx_word' id='word_1_81' title='bbox 28 1351 86 1403; x_wconf 87' lang='lat' dir='ltr'>Nee</span> <span class='ocrx_word' id='word_1_82' title='bbox 98 1365 168 1418; x_wconf 88' lang='lat' dir='ltr'>gens</span> <span class='ocrx_word' id='word_1_83' title='bbox 181 1350 249 1402; x_wconf 85' lang='lat' dir='ltr'>dura</span> <span class='ocrx_word' id='word_1_84' title='bbox 261 1348 356 1412; x_wconf 84' lang='lat' dir='ltr'>virirm,</span> <span class='ocrx_word' id='word_1_85' title='bbox 372 1350 470 1403; x_wconf 92' lang='lat' dir='ltr'>mentis</span> <span class='ocrx_word' id='word_1_86' title='bbox 483 1350 581 1418; x_wconf 90' lang='lat' dir='ltr'>quibus</span> <span class='ocrx_word' id='word_1_87' title='bbox 593 1351 663 1407; x_wconf 87' lang='lat' dir='ltr'>alma</span> <span class='ocrx_word' id='word_1_88' title='bbox 675 1350 796 1418; x_wconf 88' lang='lat' dir='ltr'>vigorem</span> 
     </span>
     <span class='ocr_line' id='line_1_14' title="bbox 28 1445 618 1514; baseline 0 -16"><span class='ocrx_word' id='word_1_89' title='bbox 28 1445 144 1500; x_wconf 79' lang='lat' dir='ltr'>Indulsit</span> <span class='ocrx_word' id='word_1_90' title='bbox 157 1452 261 1508; x_wconf 81' lang='lat' dir='ltr'>natura,</span> <span class='ocrx_word' id='word_1_91' title='bbox 277 1453 304 1499; x_wconf 91' lang='lat' dir='ltr'>et</span> <span class='ocrx_word' id='word_1_92' title='bbox 317 1445 394 1498; x_wconf 86' lang='lat' dir='ltr'>firmo</span> <span class='ocrx_word' id='word_1_93' title='bbox 407 1462 520 1514; x_wconf 84' lang='lat' dir='ltr'>corpore</span> <span class='ocrx_word' id='word_1_94' title='bbox 532 1445 618 1499; x_wconf 87' lang='lat' dir='ltr'>finxit.</span> 
     </span>
    </p>

    <p class='ocr_par' dir='ltr' id='par_1_4' title="bbox 27 1542 786 1998">
     <span class='ocr_line' id='line_1_15' title="bbox 62 1542 778 1612; baseline -0.001 -16"><span class='ocrx_word' id='word_1_95' title='bbox 62 1543 166 1611; x_wconf 87' lang='lat' dir='ltr'>Tuque</span> <span class='ocrx_word' id='word_1_96' title='bbox 178 1543 317 1596; x_wconf 80' lang='lat' dir='ltr'>canendus</span> <span class='ocrx_word' id='word_1_97' title='bbox 330 1543 390 1604; x_wconf 89' lang='lat' dir='ltr'>eris,</span> <span class='ocrx_word' id='word_1_98' title='bbox 404 1543 512 1612; x_wconf 87' lang='lat' dir='ltr'>genitor</span> <span class='ocrx_word' id='word_1_99' title='bbox 527 1542 653 1604; x_wconf 87' lang='lat' dir='ltr'>Gradive,</span> <span class='ocrx_word' id='word_1_100' title='bbox 669 1543 778 1596; x_wconf 88' lang='lat' dir='ltr'>rubenti</span> 
     </span>
     <span class='ocr_line' id='line_1_16' title="bbox 28 1639 786 1708; baseline -0.001 -16"><span class='ocrx_word' id='word_1_101' title='bbox 28 1640 94 1708; x_wconf 92' lang='lat' dir='ltr'>lgue</span> <span class='ocrx_word' id='word_1_102' title='bbox 107 1647 206 1708; x_wconf 90' lang='lat' dir='ltr'>potens</span> <span class='ocrx_word' id='word_1_103' title='bbox 218 1659 225 1701; x_wconf 89' lang='lat'>;</span> <span class='ocrx_word' id='word_1_104' title='bbox 245 1646 276 1693; x_wconf 93' lang='lat' dir='ltr'>tu</span> <span class='ocrx_word' id='word_1_105' title='bbox 288 1640 359 1694; x_wconf 90' lang='lat' dir='ltr'>bella</span> <span class='ocrx_word' id='word_1_106' title='bbox 369 1639 447 1693; x_wconf 80' lang='lat' dir='ltr'>ferox</span> <span class='ocrx_word' id='word_1_107' title='bbox 459 1640 620 1707; x_wconf 87' lang='lat' dir='ltr'>lethumque</span> <span class='ocrx_word' id='word_1_108' title='bbox 632 1655 680 1707; x_wconf 94' lang='lat' dir='ltr'>per</span> <span class='ocrx_word' id='word_1_109' title='bbox 693 1640 786 1692; x_wconf 90' lang='lat' dir='ltr'>orbem</span> 
     </span>
     <span class='ocr_line' id='line_1_17' title="bbox 28 1736 779 1806; baseline -0.003 -15"><span class='ocrx_word' id='word_1_110' title='bbox 28 1737 200 1805; x_wconf 80' lang='lat' dir='ltr'>Spiculaque,</span> <span class='ocrx_word' id='word_1_111' title='bbox 215 1736 382 1805; x_wconf 85' lang='lat' dir='ltr'>gladiosque,</span> <span class='ocrx_word' id='word_1_112' title='bbox 396 1744 479 1806; x_wconf 87' lang='lat' dir='ltr'>atque</span> <span class='ocrx_word' id='word_1_113' title='bbox 490 1745 562 1790; x_wconf 86' lang='lat' dir='ltr'>artes</span> <span class='ocrx_word' id='word_1_114' title='bbox 575 1736 649 1790; x_wconf 93' lang='lat' dir='ltr'>mille</span> <span class='ocrx_word' id='word_1_115' title='bbox 661 1737 779 1790; x_wconf 86' lang='lat' dir='ltr'>nocendi</span> 
     </span>
     <span class='ocr_line' id='line_1_18' title="bbox 27 1831 686 1901; baseline -0.002 -16"><span class='ocrx_word' id='word_1_116' title='bbox 27 1831 177 1900; x_wconf 86' lang='lat' dir='ltr'>Dispergis,</span> <span class='ocrx_word' id='word_1_117' title='bbox 192 1831 241 1884; x_wconf 91' lang='lat' dir='ltr'>tibi</span> <span class='ocrx_word' id='word_1_118' title='bbox 253 1848 328 1884; x_wconf 86' lang='lat' dir='ltr'>saera</span> <span class='ocrx_word' id='word_1_119' title='bbox 339 1838 414 1901; x_wconf 89' lang='lat' dir='ltr'>parat</span> <span class='ocrx_word' id='word_1_120' title='bbox 422 1832 480 1900; x_wconf 85' lang='lat' dir='ltr'>jam</span> <span class='ocrx_word' id='word_1_121' title='bbox 493 1832 568 1884; x_wconf 88' lang='lat' dir='ltr'>dirus</span> <span class='ocrx_word' id='word_1_122' title='bbox 583 1831 686 1893; x_wconf 87' lang='lat' dir='ltr'>Iberus,</span> 
     </span>
     <span class='ocr_line' id='line_1_19' title="bbox 27 1927 721 1998; baseline -0.009 -13"><span class='ocrx_word' id='word_1_123' title='bbox 27 1929 221 1998; x_wconf 82' lang='lat' dir='ltr'>Auspiciisque</span> <span class='ocrx_word' id='word_1_124' title='bbox 234 1928 289 1982; x_wconf 91' lang='lat' dir='ltr'>tuis</span> <span class='ocrx_word' id='word_1_125' title='bbox 302 1927 400 1980; x_wconf 88' lang='lat' dir='ltr'>ductus</span> <span class='ocrx_word' id='word_1_126' title='bbox 413 1943 489 1996; x_wconf 91' lang='lat' dir='ltr'>spem</span> <span class='ocrx_word' id='word_1_127' title='bbox 502 1928 578 1996; x_wconf 89' lang='lat' dir='ltr'>ponit</span> <span class='ocrx_word' id='word_1_128' title='bbox 591 1927 619 1980; x_wconf 91' lang='lat' dir='ltr'>in</span> <span class='ocrx_word' id='word_1_129' title='bbox 631 1927 721 1980; x_wconf 86' lang='lat' dir='ltr'>armis.</span> 
     </span>
    </p>

    <p class='ocr_par' dir='ltr' id='par_1_5' title="bbox 27 2023 815 2571">
     <span class='ocr_line' id='line_1_20' title="bbox 27 2023 815 2094; baseline -0.008 -13"><span class='ocrx_word' id='word_1_130' title='bbox 27 2027 62 2081; x_wconf 81' lang='lat' dir='ltr'>At</span> <span class='ocrx_word' id='word_1_131' title='bbox 76 2035 119 2088; x_wconf 87' lang='lat' dir='ltr'>tu,</span> <span class='ocrx_word' id='word_1_132' title='bbox 135 2041 234 2094; x_wconf 82' lang='lat' dir='ltr'>magne</span> <span class='ocrx_word' id='word_1_133' title='bbox 246 2031 329 2093; x_wconf 85' lang='lat' dir='ltr'>pater,</span> <span class='ocrx_word' id='word_1_134' title='bbox 347 2024 480 2085; x_wconf 84' lang='lat' dir='ltr'>Britonas‚</span> <span class='ocrx_word' id='word_1_135' title='bbox 497 2023 697 2092; x_wconf 89' lang='lat' dir='ltr'>Britonumque</span> <span class='ocrx_word' id='word_1_136' title='bbox 708 2023 815 2078; x_wconf 84' lang='lat' dir='ltr'>labores</span> 
     </span>
     <span class='ocr_line' id='line_1_21' title="bbox 27 2118 708 2191; baseline -0.006 -15"><span class='ocrx_word' id='word_1_137' title='bbox 27 2122 162 2191; x_wconf 86' lang='lat' dir='ltr'>Respice;</span> <span class='ocrx_word' id='word_1_138' title='bbox 183 2121 260 2188; x_wconf 91' lang='lat' dir='ltr'>sique</span> <span class='ocrx_word' id='word_1_139' title='bbox 273 2127 321 2172; x_wconf 91' lang='lat' dir='ltr'>tuo</span> <span class='ocrx_word' id='word_1_140' title='bbox 336 2118 458 2179; x_wconf 88' lang='lat' dir='ltr'>Henrici,</span> <span class='ocrx_word' id='word_1_141' title='bbox 472 2118 496 2173; x_wconf 94' lang='lat' dir='ltr'>si</span> <span class='ocrx_word' id='word_1_142' title='bbox 508 2118 620 2172; x_wconf 90' lang='lat' dir='ltr'>numine</span> <span class='ocrx_word' id='word_1_143' title='bbox 633 2118 708 2172; x_wconf 88' lang='lat' dir='ltr'>ducti</span> 
     </span>
     <span class='ocr_line' id='line_1_22' title="bbox 27 2213 722 2284; baseline -0.004 -11"><span class='ocrx_word' id='word_1_144' title='bbox 27 2219 185 2274; x_wconf 82' lang='lat' dir='ltr'>Cressiecos</span> <span class='ocrx_word' id='word_1_145' title='bbox 199 2217 317 2269; x_wconf 85' lang='lat' dir='ltr'>Edoardi</span> <span class='ocrx_word' id='word_1_146' title='bbox 329 2213 477 2284; x_wconf 70' lang='lat' dir='ltr'>impldrunt</span> <span class='ocrx_word' id='word_1_147' title='bbox 488 2216 622 2284; x_wconf 84' lang='lat' dir='ltr'>stragibus</span> <span class='ocrx_word' id='word_1_148' title='bbox 635 2232 722 2284; x_wconf 82' lang='lat' dir='ltr'>agros,</span> 
     </span>
     <span class='ocr_line' id='line_1_23' title="bbox 27 2312 705 2384; baseline -0.007 -14"><span class='ocrx_word' id='word_1_149' title='bbox 27 2318 123 2384; x_wconf 81' lang='lat' dir='ltr'>Atque</span> <span class='ocrx_word' id='word_1_150' title='bbox 135 2314 208 2366; x_wconf 83' lang='lat' dir='ltr'>ultra</span> <span class='ocrx_word' id='word_1_151' title='bbox 220 2329 352 2368; x_wconf 87' lang='lat' dir='ltr'>oceanum</span> <span class='ocrx_word' id='word_1_152' title='bbox 364 2313 439 2366; x_wconf 87' lang='lat' dir='ltr'>laetos</span> <span class='ocrx_word' id='word_1_153' title='bbox 452 2329 532 2381; x_wconf 87' lang='lat' dir='ltr'>egere</span> <span class='ocrx_word' id='word_1_154' title='bbox 545 2312 705 2380; x_wconf 85' lang='lat' dir='ltr'>triumphos,</span> 
     </span>
     <span class='ocr_line' id='line_1_24' title="bbox 27 2407 754 2479; baseline -0.008 -13"><span class='ocrx_word' id='word_1_155' title='bbox 27 2413 135 2479; x_wconf 80' lang='lat' dir='ltr'>Frange</span> <span class='ocrx_word' id='word_1_156' title='bbox 147 2426 229 2464; x_wconf 89' lang='lat' dir='ltr'>manu</span> <span class='ocrx_word' id='word_1_157' title='bbox 242 2410 328 2462; x_wconf 86' lang='lat' dir='ltr'>telum</span> <span class='ocrx_word' id='word_1_158' title='bbox 343 2408 457 2477; x_wconf 85' lang='lat' dir='ltr'>Hispani</span> <span class='ocrx_word' id='word_1_159' title='bbox 468 2407 609 2477; x_wconf 86' lang='lat' dir='ltr'>praedonis,</span> <span class='ocrx_word' id='word_1_160' title='bbox 625 2415 653 2460; x_wconf 88' lang='lat' dir='ltr'>et</span> <span class='ocrx_word' id='word_1_161' title='bbox 665 2408 754 2475; x_wconf 91' lang='lat' dir='ltr'>ipsum</span> 
     </span>
     <span class='ocr_line' id='line_1_25' title="bbox 27 2501 728 2571; baseline -0.013 -10"><span class='ocrx_word' id='word_1_162' title='bbox 27 2507 153 2561; x_wconf 89' lang='lat' dir='ltr'>Pronum</span> <span class='ocrx_word' id='word_1_163' title='bbox 165 2510 257 2558; x_wconf 90' lang='lat' dir='ltr'>sterne</span> <span class='ocrx_word' id='word_1_164' title='bbox 269 2504 336 2566; x_wconf 91' lang='lat' dir='ltr'>solo,</span> <span class='ocrx_word' id='word_1_165' title='bbox 351 2510 433 2571; x_wconf 86' lang='lat' dir='ltr'>atque</span> <span class='ocrx_word' id='word_1_166' title='bbox 446 2503 512 2556; x_wconf 87' lang='lat' dir='ltr'>irata</span> <span class='ocrx_word' id='word_1_167' title='bbox 525 2501 618 2570; x_wconf 85' lang='lat' dir='ltr'>disjice</span> <span class='ocrx_word' id='word_1_168' title='bbox 629 2501 728 2556; x_wconf 88' lang='lat' dir='ltr'>fronte.</span> 
     </span>
    </p>

    <p class='ocr_par' dir='ltr' id='par_1_6' title="bbox 27 2595 758 2952">
     <span class='ocr_line' id='line_1_26' title="bbox 63 2595 715 2667; baseline -0.011 -12"><span class='ocrx_word' id='word_1_169' title='bbox 63 2599 206 2655; x_wconf 84' lang='lat' dir='ltr'>Mercurio</span> <span class='ocrx_word' id='word_1_170' title='bbox 219 2598 373 2667; x_wconf 83' lang='lat' dir='ltr'>Venerique</span> <span class='ocrx_word' id='word_1_171' title='bbox 385 2599 428 2651; x_wconf 91' lang='lat' dir='ltr'>sui</span> <span class='ocrx_word' id='word_1_172' title='bbox 441 2598 575 2652; x_wconf 90' lang='lat' dir='ltr'>debentur</span> <span class='ocrx_word' id='word_1_173' title='bbox 588 2595 715 2658; x_wconf 89' lang='lat' dir='ltr'>honores,</span> 
     </span>
     <span class='ocr_line' id='line_1_27' title="bbox 27 2692 758 2755; baseline -0.011 -5"><span class='ocrx_word' id='word_1_174' title='bbox 27 2696 144 2750; x_wconf 84' lang='lat' dir='ltr'>Artibus</span> <span class='ocrx_word' id='word_1_175' title='bbox 156 2693 201 2747; x_wconf 86' lang='lat' dir='ltr'>hic</span> <span class='ocrx_word' id='word_1_176' title='bbox 213 2693 342 2755; x_wconf 91' lang='lat' dir='ltr'>animum,</span> <span class='ocrx_word' id='word_1_177' title='bbox 357 2693 432 2746; x_wconf 93' lang='lat' dir='ltr'>molli</span> <span class='ocrx_word' id='word_1_178' title='bbox 443 2693 540 2747; x_wconf 86' lang='lat' dir='ltr'>imbuit</span> <span class='ocrx_word' id='word_1_179' title='bbox 553 2692 636 2745; x_wconf 84' lang='lat' dir='ltr'>altera</span> <span class='ocrx_word' id='word_1_180' title='bbox 649 2708 758 2750; x_wconf 83' lang='lat' dir='ltr'>amore;</span> 
     </span>
     <span class='ocr_line' id='line_1_28' title="bbox 28 2787 732 2856; baseline -0.006 -13"><span class='ocrx_word' id='word_1_181' title='bbox 28 2793 100 2854; x_wconf 84' lang='lat' dir='ltr'>Quis</span> <span class='ocrx_word' id='word_1_182' title='bbox 113 2789 227 2851; x_wconf 87' lang='lat' dir='ltr'>dubitat,</span> <span class='ocrx_word' id='word_1_183' title='bbox 242 2788 308 2856; x_wconf 92' lang='lat' dir='ltr'>quin</span> <span class='ocrx_word' id='word_1_184' title='bbox 318 2788 391 2840; x_wconf 90' lang='lat' dir='ltr'>intus</span> <span class='ocrx_word' id='word_1_185' title='bbox 403 2789 456 2841; x_wconf 85' lang='lat' dir='ltr'>alat</span> <span class='ocrx_word' id='word_1_186' title='bbox 469 2805 517 2841; x_wconf 89' lang='lat' dir='ltr'>vos</span> <span class='ocrx_word' id='word_1_187' title='bbox 527 2788 639 2856; x_wconf 62' lang='lat' dir='ltr'>,spiritus</span> <span class='ocrx_word' id='word_1_188' title='bbox 652 2787 732 2848; x_wconf 87' lang='lat' dir='ltr'>idern,</span> 
     </span>
     <span class='ocr_line' id='line_1_29' title="bbox 28 2883 647 2952; baseline -0.01 -11"><span class='ocrx_word' id='word_1_189' title='bbox 28 2889 84 2950; x_wconf 83' lang='lat' dir='ltr'>Qui</span> <span class='ocrx_word' id='word_1_190' title='bbox 97 2903 158 2947; x_wconf 87' lang='lat' dir='ltr'>nos,</span> <span class='ocrx_word' id='word_1_191' title='bbox 174 2891 202 2938; x_wconf 85' lang='lat' dir='ltr'>et</span> <span class='ocrx_word' id='word_1_192' title='bbox 214 2891 273 2938; x_wconf 89' lang='lat' dir='ltr'>toto</span> <span class='ocrx_word' id='word_1_193' title='bbox 285 2884 384 2952; x_wconf 89' lang='lat' dir='ltr'>pariter</span> <span class='ocrx_word' id='word_1_194' title='bbox 396 2901 426 2938; x_wconf 84' lang='lat' dir='ltr'>se</span> <span class='ocrx_word' id='word_1_195' title='bbox 439 2885 550 2937; x_wconf 85' lang='lat' dir='ltr'>misceat</span> <span class='ocrx_word' id='word_1_196' title='bbox 562 2883 647 2936; x_wconf 85' lang='lat' dir='ltr'>orbe?</span> 
     </span>
    </p>

    <p class='ocr_par' dir='ltr' id='par_1_7' title="bbox 27 2974 777 3050">
     <span class='ocr_line' id='line_1_30' title="bbox 27 2974 777 3050; baseline -0.011 -12"><span class='ocrx_word' id='word_1_197' title='bbox 27 2983 112 3037; x_wconf 88' lang='lat' dir='ltr'>Haud</span> <span class='ocrx_word' id='word_1_198' title='bbox 125 2982 203 3035; x_wconf 84' lang='lat' dir='ltr'>vobis</span> <span class='ocrx_word' id='word_1_199' title='bbox 216 2974 332 3050; x_wconf 77' lang='lat' dir='ltr'>populns</span> <span class='ocrx_word' id='word_1_200' title='bbox 345 2979 451 3043; x_wconf 88' lang='lat' dir='ltr'>hilares,</span> <span class='ocrx_word' id='word_1_201' title='bbox 467 2979 654 3049; x_wconf 84' lang='lat' dir='ltr'>nymphasque</span> <span class='ocrx_word' id='word_1_202' title='bbox 667 2978 777 3032; x_wconf 82' lang='lat' dir='ltr'>decoras</span> 
     </span>
    </p>
   </div>
   <div class='ocr_carea' id='block_1_3' title="bbox 0 0 1006 3400">
    <p class='ocr_par' dir='ltr' id='par_1_8' title="bbox 0 0 1006 3400">
     <span class='ocr_line' id='line_1_31' title="bbox 0 0 1006 3400; baseline 0 0"><span class='ocrx_word' id='word_1_203' title='bbox 0 0 1006 3400; x_wconf 95' lang='lat' dir='ltr'> </span> 
     </span>
    </p>
   </div>
  </div>
 </body>
</html>
