2036 3400
335 172 451 210 UYMNUS
463 173 612 210 SECUNDUS.

452 330 502 366 ιιι.

133 407 238 461 Natura
250 425 312 462 curn
325 416 420 472 cesset,
436 426 486 462 nec
498 409 612 478 amplius
624 408 682 464 dies

134 506 292 574 Noctesque
303 523 351 574 per
363 507 436 560 vices
448 522 530 574 opera
541 513 694 560 monstrent
712 513 766 568 tua,

134 599 241 654 Memor
254 617 340 671 usque
352 618 407 664 eor,
422 617 481 670 quae
496 601 614 670 gratiose
625 601 731 662 leceris.

133 696 259 751 Fideliter
272 697 392 751 revolvet
405 703 433 750 et
445 697 625 751 venerabitur.

444 801 507 838 xru.

134 879 245 935 Millena
257 881 352 934 millies
364 896 412 949 per
424 897 479 934 ava
491 881 627 935 canticum

133 976 251 1032 Movebo
264 978 319 1040 ribi.
334 977 351 1031 J
353 978 448 1039 ehova,
462 978 632 1047 gratitudinis
643 1001 650 1040 ς

133 1071 196 1134 Sed,
210 1071 245 1126 ol
263 1073 349 1136 nimis,
365 1073 444 1127 nimis
457 1080 499 1128 est
510 1073 608 1138 brevis,
624 1091 675 1131 nec
687 1076 811 1131 laudibus

130 1169 181 1224 Vel
192 1177 250 1225 tota
261 1170 358 1225 sufficit
370 1170 425 1225 tuis
437 1172 578 1226 aeternitas.

271 1553 441 1612 HYMNUS
462 1556 680 1612 SECUNDUS.

460 1681 479 1716 ι.

129 1760 214 1820 Qunu
228 1769 293 1813 sunt
305 1760 384 1822 beati,
399 1760 455 1829 qui,
470 1758 583 1822 Jehova,
598 1767 626 1813 te
638 1757 750 1812 coluntl

132 1856 221 1917 Quam
234 1863 307 1910 certa
319 1863 379 1910 tute
392 1863 459 1910 este
471 1855 627 1909 verentibus
639 1853 726 1908 salus!

126 1952 240 2006 AEterna
251 1969 329 2008 mena
343 1970 390 2006 eos
403 1953 480 2022 regit,
496 1955 552 2006 dux
565 1961 592 2007 et
602 1968 701 2014 comes.

125 2049 163 2104 Ut
174 2049 259 2120 major
271 2051 397 2104 omuibus
409 2057 528 2118 potestas
540 2051 658 2121 adjuvat.

454 2164 484 2199 u.

124 2241 157 2294 In
170 2243 270 2296 exteris
282 2242 381 2312 regnis,
395 2243 517 2311 locisque
529 2243 638 2304 dissitis,

124 2338 267 2407 vigilantia
278 2355 392 2393 securus
405 2347 433 2394 et
445 2340 535 2396 salvus
548 2347 602 2402 tua,

124 2435 189 2490 celi
200 2451 249 2504 per
260 2435 380 2490 ardentis
388 2437 560 2505 peragrabam
574 2435 671 2504 plagas,

122 2531 160 2586 Et
173 2531 335 2588 insalubrem
348 2550 431 2587 sanus
442 2533 598 2588 hauriebam
610 2536 678 2588 aira.

446 2646 487 2682 111.

123 2724 204 2779 Tuus
217 2741 264 2794 per
277 2743 358 2780 omne
371 2725 464 2779 vultus
476 2725 575 2779 affulsit
589 2725 685 2785 solum.

122 2821 272 2889 Solumque
284 2821 349 2876 lecit
362 2838 442 2874 omne
456 2821 521 2874 mihi
533 2829 564 2875 ut
576 2820 708 2880 arriserit;

122 2917 218 2972 Calore
232 2919 391 2986 temperavit
407 2919 516 2986 Alpium
530 2919 614 2978 nives,

125 3009 268 3082 Tuscique
281 3014 459 3081 complanavit
476 3014 561 3066 undas
575 3013 701 3081 equoris.
