1994 3398
146 141 195 190 150
406 159 470 195 rasa
490 161 540 196 rsa
560 161 688 198 rsuram.-

145 291 173 345 si
185 291 256 346 lorte
268 293 387 348 offendat
400 314 564 366 quenquam,
580 301 702 354 convicia
714 301 824 368 spargit,

145 387 271 441 infensus
283 405 390 458 semper
403 392 508 446 miseris
520 395 669 448 sartoribus
679 394 784 448 hostis:

143 475 218 537 Dum
231 492 330 538 coeant
343 487 370 539 in
384 487 452 541 fictae
465 505 561 543 omnes
574 493 722 544 certamina
729 492 801 552 rixae,

144 577 337 650 Obscoeuaeque
349 589 448 635 sonent
460 582 530 645 lites,
545 586 675 654 pravique
688 585 820 646 cachinni,

142 673 283 728 Foemineae
296 692 441 744 vocesque,
457 685 484 730 et
496 686 565 730 natae
578 679 604 731 in
615 679 706 748 jurgia
716 679 824 746 linguae.

142 769 264 825 Plurima
275 780 334 825 tum
348 774 425 826 nobis
439 775 514 840 (nam
528 772 605 828 norit
618 777 745 844 plurima)
761 784 850 829 narrat

143 865 248 930 Navita,
263 870 415 935 praeteritos
426 871 549 938 gaudens
561 887 712 925 memorare
722 871 828 924 labores
840 893 846 923 :

143 963 219 1024 Quot
232 965 301 1018 mala
313 966 461 1033 pertulerat
470 962 589 1036 juvenis.
605 983 685 1035 quam
699 981 771 1035 sape
782 966 888 1020 inimico

142 1055 290 1129 Naufragio
303 1062 440 1129 periturus
453 1070 526 1122 erat;
547 1080 607 1133 quae
618 1063 705 1116 tristia
717 1069 782 1117 vota

141 1153 289 1218 Exanimis,
305 1172 371 1224 quas
384 1173 454 1224 saepe
466 1174 561 1225 preces
575 1159 701 1211 emiserat
713 1158 787 1219 olim,

142 1250 213 1304 Cum
225 1252 302 1320 nigra
314 1260 469 1321 tempestas,
485 1259 513 1307 et
526 1253 583 1306 dira
596 1253 664 1307 mari
675 1253 800 1307 incubuit
812 1269 876 1307 nox.

142 1348 233 1409 Quem
249 1348 345 1402 Martis
358 1357 490 1403 terrorem
504 1357 532 1403 et
544 1353 604 1418 quer
616 1351 771 1404 discrimina
783 1351 861 1410 belli;

142 1445 217 1506 Quas
230 1462 347 1513 presens
360 1449 497 1516 quondam
511 1463 624 1515 pugnas,
639 1463 698 1516 quae
711 1447 815 1500 viderat
827 1443 912 1500 armai

141 1541 195 1595 Sed
208 1547 267 1594 tum
279 1542 425 1610 praecipue,
440 1543 572 1606 recolens,
587 1559 651 1596 cum
665 1543 775 1612 Belgica
787 1543 877 1596 classis

140 1631 280 1707 Puppibus
293 1639 388 1708 cffugit
400 1639 512 1694 laceris:
532 1655 613 1708 quam
626 1639 731 1693 fortiter
747 1640 832 1708 Angli

140 1729 302 1802 Pugnabant
314 1735 436 1796 animosi,
452 1741 480 1788 et
493 1733 693 1795 certe'fortiter,
709 1733 806 1802 inquit,

141 1824 170 1882 si
183 1825 311 1884 Britones
323 1847 445 1898 unquam
459 1829 552 1892 fortes,
567 1831 749 1898 pugnavimus
765 1830 855 1899 Angli.

140 1925 205 1978 llaec
219 1933 345 1994 repetens
356 1927 450 1993 patriae
463 1924 591 1994 dulcique
602 1925 731 1979 incensus
742 1942 835 1978 amore

141 2023 224 2085 Arsit,
237 2029 265 2076 et
277 2023 388 2092 agnovit
400 2030 507 2077 veteres
521 2023 547 2076 in
560 2029 672 2090 pectore
683 2023 814 2076 flammas.

139 2113 249 2173 interea
262 2120 369 2172 exhalat
382 2119 525 2173 sinuosum
537 2119 565 2172 in
579 2119 673 2172 nubila
683 2118 800 2180 fumum,

139 2215 176 2268 Et
188 2233 261 2269 canae
272 2216 425 2270 ascendunt
437 2217 520 2270 verba
531 2216 602 2269 iuter
611 2215 718 2285 singula
726 2216 814 2270 nubes
825 2237 832 2269 ι

140 2313 183 2366 Sic
197 2313 294 2366 tubulo
306 2313 382 2374 fallit,
397 2313 465 2366 lallit
477 2329 605 2366 sermone
616 2313 746 2366 laborem.

139 2408 273 2477 Prospicit
284 2408 356 2472 hinc,
372 2409 522 2478 oculosque
534 2426 617 2478 vagos
629 2408 682 2462 fert
694 2408 788 2461 omnia
799 2407 905 2470 circum,

138 2503 283 2558 Errantem
295 2506 318 2558 si
330 2505 401 2558 sorte
413 2505 531 2574 aliquem
544 2521 628 2572 prope
640 2505 731 2557 littora
744 2503 819 2565 vidit,

138 2598 315 2661 Exclamans;
336 2601 385 2654 sed
397 2617 467 2669 saepe
480 2618 578 2655 sonum
590 2600 644 2654 lert
657 2606 758 2653 ventus
771 2599 885 2653 inanem.

36 2749 37 2754 ,
138 2692 213 2750 Dum
224 2698 313 2751 flexus
325 2697 434 2750 crebros
447 2698 523 2752 curvi
536 2696 723 2766 superavimus
735 2696 830 2756 amnis,

139 2791 268 2846 Cbelseiae
280 2801 411 2860 apparent
422 2793 520 2860 apices,
536 2801 696 2862 poteratque
712 2792 797 2845 videri

139 2884 240 2952 Regale
250 2886 415 2952 hospitium:
437 2888 558 2940 veterani
570 2888 613 2941 hic
624 2891 679 2940 otiu
691 2893 768 2955 grata

138 2974 274 3029 Exercent
289 2980 348 3038 tuti,
366 2985 392 3030 et
406 2997 500 3034 secura
513 2982 539 3032 in
554 2998 618 3048 pace
632 2988 789 3034 senescunt.
