1994 3398
274 191 357 228 uncle
374 193 409 228 ET
430 191 568 229 CORYDON-

17 335 117 386 “Vota
129 332 204 393 mihi,
219 329 342 392 Juvenis,
358 329 408 382 soli
420 329 487 382 mihi
498 329 607 389 credito,
624 328 699 383 nulla

49 427 115 483 Ob!
143 426 255 481 alienari
267 425 423 479 conditione
436 424 517 478 sinas.

17 529 52 578 At
66 540 159 592 neque
171 530 212 586 tu,
227 522 312 590 virgo,
327 521 425 574 blande
437 537 512 574 nune
525 521 617 575 oscula
629 521 747 582 dantem,

52 621 138 682 Quod
150 628 216 673 tuus
230 625 271 672 est
284 617 374 681 bodie,
389 618 490 672 dixeris
503 635 563 672 esse
575 625 664 672 tuum.

15 718 29 770 J
32 734 139 786 ungere
151 732 210 770 cras
223 717 323 770 dextre
335 717 458 769 dextram
469 716 619 785 properatis
631 723 755 784 uterque,

52 814 90 866 Et
103 813 182 866 tarde
193 812 297 865 interea
309 812 418 865 creditis
431 812 471 865 ire
482 813 563 866 diem.

18 910 138 964 Credula
149 909 215 978 quin
230 909 313 977 virgo,
325 908 434 978 juvenis
447 909 511 977 quin
524 909 635 977 perfide,
649 915 765 978 uterque

53 1005 137 1068 Scite,
152 1006 224 1074 quod
238 1013 266 1058 et
278 1005 349 1074 pacti
363 1005 448 1060 Lucia
459 1006 536 1060 testis
549 1005 608 1059 erit.

22 1347 39 1368 ‘⁶
51 1339 184 1407 Exangue
196 1334 250 1392 obl
275 1339 345 1400 illuc,
362 1337 483 1401 comites,
498 1335 602 1393 deferte
615 1340 735 1403 cadaver,

57 1434 119 1494 Qua
130 1435 215 1488 semel
228 1432 282 1488 oh!
307 1435 406 1510 iterum
419 1436 633 1504 congrediamur,
648 1436 700 1496 ait;

22 1527 146 1584 Vestibus
158 1537 270 1582 ornatus
283 1530 450 1598 sponsalibus
463 1531 516 1593 ille,
531 1537 667 1599 caputque

57 1627 118 1696 lpsa
129 1627 292 1696 sepulchrali
303 1628 394 1681 vincta
405 1628 542 1697 pedesque
554 1629 648 1682 stola.”

23 1723 104 1786 Dixit,
119 1730 148 1777 et
160 1724 443 1779 occubuit-delatum
455 1741 580 1794 ,exangue
592 1727 713 1789 cadaver,

59 1823 120 1883 Qua
131 1822 216 1876 semel
229 1822 255 1875 in
269 1822 381 1890 longum
394 1824 633 1892 congrederentur,
650 1830 726 1877 erat:

25 1913 147 1972 Vestibus
159 1926 272 1971 ornatus
283 1919 453 1987 sponsalibus
465 1919 518 1982 ille,
534 1927 669 1990 caputque

57 2015 105 2068 llla
116 2014 279 2084 sepulchrali
290 2015 381 2068 vincta
392 2018 530 2084 pedesque
543 2017 620 2070 stola.

29 2356 86 2415 Quo
98 2355 231 2410 thalamos
243 2356 298 2410 ritu
309 2357 403 2410 credas
415 2355 573 2411 celebrarier
585 2359 651 2413 istos
662 2355 671 2412 l

59 2450 96 2506 Ut
110 2451 240 2524 Corydon
249 2453 332 2506 animi
344 2453 520 2508 discruciatus
533 2453 606 2509 eratl

30 2545 108 2602 Lucia
119 2549 167 2603 ubi
178 2549 310 2602 exanimis
318 2549 412 2618 jacuit,
427 2551 516 2604 coiere
524 2550 666 2620 juventus,

60 2645 94 2698 lli
105 2645 203 2699 totuin
215 2645 296 2698 fletus
310 2645 371 2698 villa
382 2645 471 2699 soluta
479 2646 541 2700 fuit.

29 2741 167 2812 Extemplo
175 2743 308 2812 juvenem
320 2743 416 2811 pudor,
431 2743 477 2806 ira,
492 2744 602 2806 insania,
618 2744 710 2798 luctus

59 2838 197 2901 Distrabit,
213 2847 239 2892 et
251 2838 328 2892 iuriis
341 2838 491 2908 exagitatus
501 2855 593 2898 amor;

31 2932 178 3004 Pallidaque
189 2935 351 2989 humectans
363 2934 458 3004 gelidis
471 2933 615 2988 sudoribus
627 2949 682 2994 ora,

61 3031 180 3087 Perfidia
192 3032 326 3101 ingemuit
338 3031 472 3090 conscius,
488 3037 516 3081 et
528 3026 633 3080 cecidit.
