2002 3400
446 174 498 223 305

192 397 287 456 Draus
303 397 410 450 Oxourr
424 411 458 448 nr
473 395 577 449 Euomr
591 394 751 449 comitissa:

434 491 502 550 Quae

133 575 236 628 illustri
248 581 307 627 orta
323 574 463 642 sanguine,
478 573 638 641 sanguinem
652 572 803 633 illustravit,

164 657 327 710 Ceciliorum
341 656 443 709 meritis
456 656 534 716 clara,
550 655 607 708 suis
620 654 774 716 clarissima,

187 740 226 793 Ut
238 756 298 809 quae
311 739 430 791 nesciret
442 738 531 791 minor
544 755 604 792 esse
618 739 752 791 maximis,

259 821 348 876 Vitam
361 821 502 874 ineuntem
515 821 678 882 innocentia,

185 905 386 958 Procedentem
399 904 486 971 ampla
498 904 632 957 virtutum
646 903 752 965 cohors¹

183 988 339 1041 Exeuntem
352 1003 426 1040 mors
439 988 591 1040 beatissima
603 987 755 1048 decoravitz

328 1069 458 1136 (Volente
471 1071 597 1138 numine)

147 1156 185 1210 Ut
198 1157 321 1225 nuspiam
334 1156 442 1210 deesset
455 1163 502 1209 aut
515 1156 600 1209 virtus
612 1163 660 1210 aut
671 1155 793 1210 felicitas.

270 1239 387 1294 Duobus
400 1239 547 1307 conjuncta
559 1239 670 1301 maritis,

317 1325 434 1395 Utrique
447 1325 598 1384 carissima;

405 1408 536 1468 Primum,
631 1405 632 1408 ’

276 1491 381 1557 (Quem
394 1491 428 1544 ad
440 1507 542 1542 annum
556 1490 662 1558 habuit)

347 1573 474 1640 Impense
488 1573 597 1625 dilexit:

388 1655 554 1717 Secundum,

217 1744 324 1810 (Quem
337 1744 370 1796 ad
383 1759 469 1796 annos
482 1743 719 1811 vigintiquatuor)

241 1827 331 1880 Tanta
342 1827 442 1894 pietate
456 1833 483 1880 et
496 1842 588 1879 amore
603 1825 696 1886 coluit,

360 1910 399 1963 Ut
412 1910 464 1972 cui,
480 1909 582 1970 vivens,

195 1993 364 2062 Obsequium
377 2000 506 2060 tanquam
519 1991 589 2060 patri
601 1991 742 2059 praestitit;

401 2079 531 2139 Moriens,

194 2164 390 2218 Patrimonium
403 2171 531 2230 tanquam
544 2161 602 2213 filio
615 2159 722 2229 reliquit
735 2180 742 2219 ;

323 2247 449 2299 Noverca
461 2261 524 2298 cum
538 2251 618 2305 esset,

197 2331 349 2384 Matemam
361 2324 489 2397 pietatem
501 2327 580 2380 facile
592 2325 738 2394 superavit.

80 2414 219 2470 Famulitii
230 2415 299 2467 adeo
311 2414 405 2466 mitem
418 2412 637 2480 prudentemque
650 2424 743 2461 euram
755 2407 848 2474 gessit,

192 2496 230 2550 Ut
242 2514 298 2552 non
311 2503 368 2550 tam
381 2495 491 2548 domina
502 2493 609 2546 familis
620 2507 743 2559 praesse,

182 2579 271 2640 Quam
283 2579 372 2632 anima
384 2579 490 2646 corpori
502 2577 592 2630 inesse
604 2575 751 2627 videretur.

401 2661 529 2728 Denique

158 2745 230 2799 Cum
242 2745 348 2812 pudico,
363 2744 468 2807 humili,
482 2744 555 2805 forti,
570 2750 665 2796 sancto
677 2741 776 2801 animo,

166 2827 329 2896 Virginibus,
345 2827 514 2896 conjugibus,
528 2825 625 2887 viduis,
641 2824 767 2877 omnibus

174 2910 337 2978 Exemplum
348 2907 533 2964 eonseorfisset
545 2908 760 2976 integerrimum,

100 2996 195 3049 Terris
208 2995 297 3048 anima
309 2997 401 3064 major,
417 2995 564 3048 adsimiles
578 2992 694 3046 evolavit
709 3006 831 3057 superos.

691 3094 731 3130 no
745 3081 761 3129 3
