1994 3398
375 157 494 194 serron.
798 145 833 194 99

46 293 111 353 ilino
123 316 221 370 queso,
236 300 308 352 hone
322 297 428 358 Phoebe,
444 303 518 350 tuem
531 295 661 365 dignosce
673 311 802 359 sororem,

47 393 78 446 Et
89 395 182 448 melius
195 410 325 448 venerere
336 408 434 447 meam.
475 391 537 446 Tua
552 391 670 462 Cynthia
682 391 763 460 longe

48 489 167 545 Maeendri
178 493 211 546 ed
225 492 303 560 ripae,
318 497 365 544 aut
377 489 477 544 sumini
489 489 516 542 in
529 489 631 543 vertice
645 489 742 551 Latini,

46 583 182 648 Versetur;
203 595 296 642 nostre
308 594 349 640 eet
361 603 438 640 soror
451 586 515 648 hee,
530 593 629 646 nostro,
642 585 737 656 inquit,
750 587 835 640 amica

107 693 164 738 etti:

45 777 102 833 Her
115 787 223 835 nostros
235 780 334 850 promit
348 778 472 840 chamos,
487 793 635 849 eroumque
647 787 789 834 sonantem

45 875 171 940 incurvat,
189 875 362 945 'laniumque
374 874 475 938 colens,
490 875 663 945 placidosque
675 891 798 930 recessus

45 969 183 1036 incorum,
199 989 268 1042 quos
279 973 350 1026 elme
362 972 438 1041 quies
450 971 564 1026 secrevit
575 971 668 1025 amori.

45 1067 80 1121 lte
91 1085 136 1137 per
150 1072 291 1124 umbrosos
305 1069 398 1132 saltus,
414 1069 560 1138 lustrisque
573 1068 616 1122 vel
632 1085 727 1137 aprum

44 1161 164 1219 Excutite
176 1165 333 1219 horrentem
346 1165 419 1227 setis,
433 1181 581 1220 cervumve
592 1163 725 1233 fugacem,

45 1258 134 1328 Tuque
146 1277 278 1330 sororque
290 1266 346 1322 tua,
361 1267 390 1314 et
402 1261 505 1314 directo
517 1261 631 1316 sternite
639 1260 730 1314 ferro:

45 1353 159 1410 Nobilior
170 1356 253 1418 labor,
270 1363 298 1410 et
310 1355 378 1409 divis
391 1355 547 1424 dignissima
559 1369 624 1411 oure

46 1449 136 1521 Meque
147 1452 307 1521 Chloenqne
317 1458 420 1512 menete
435 1468 485 1506 nos
494 1453 577 1506 eorde
586 1452 703 1506 humana
711 1452 831 1516 ferimus,

44 1545 175 1604 vibrantes
188 1557 295 1603 eertum
309 1549 417 1610 vulnus,
432 1565 483 1602 neo
492 1549 588 1604 inutile
600 1549 695 1604 telum.

353 1926 526 1988 SERTUM.

45 2123 135 2180 Soreoi
149 2129 266 2182 nemoris
279 2145 362 2183 suave
375 2137 417 2183 est
429 2131 613 2199 quodeunque
622 2129 666 2183 vel
678 2129 757 2190 horti,

73 2219 201 2291 liliaque,
216 2230 244 2276 et
256 2223 347 2286 violes,
363 2224 550 2293 virgineasque
563 2242 652 2285 roses;

46 2315 118 2376 Quod
130 2319 314 2391 caryophyllis
325 2321 439 2390 pulchre
452 2322 577 2385 varietur,
593 2330 625 2377 ut
637 2329 718 2384 esset,

73 2414 203 2470 Ornetum
216 2416 296 2484 capiti
308 2423 413 2470 texeret
425 2418 500 2472 unde
514 2417 608 2473 Chloe.

45 2602 84 2657 llla
95 2609 182 2662 stetim
196 2609 336 2663 insertum
350 2616 440 2664 textos
453 2611 592 2680 imponere
604 2613 684 2666 llores

72 2700 184 2774 Dignata
197 2712 238 2760 est
250 2706 377 2775 pulchris,
393 2724 507 2763 munere
519 2709 586 2770 laete,
601 2710 694 2764 comis.

45 2797 173 2869 ltneque
185 2803 224 2855 sic
237 2803 338 2870 positis.
352 2804 375 2857 si
388 2804 497 2873 virginis
509 2822 557 2858 ore
570 2805 684 2868 videres,

73 2895 161 2952 Gratia
174 2897 218 2952 vel
228 2897 324 2952 lormoe
337 2915 392 2968 par,
407 2902 450 2954 vel
463 2901 562 2963 odoris,
578 2911 643 2955 eret.
