1994 3398
372 175 476 212 vonum
791 167 826 214 69

22 315 59 366 Et
71 314 203 382 placidam
217 317 347 378 exuerim,
363 316 525 370 carniacum
539 323 623 379 veste,
639 323 785 377 senectam,

59 411 177 465 Pulvere
190 429 235 465 me
247 413 376 466 comitum
390 414 488 467 condat
501 413 586 466 amica
599 430 704 467 manus.

23 507 112 575 AEquo
124 507 247 561 animum
259 507 380 576 imperio,
396 515 448 562 etc.

26 699 72 752 Me
84 699 122 753 nil
135 699 259 762 solicitat,
275 715 376 754 saxone
388 717 422 754 an
436 701 538 769 cespite
551 699 651 770 signer,

60 795 192 848 Nominet
203 812 238 849 an
251 797 373 850 tumulus
386 813 439 858 me,
453 797 567 850 sileatne
579 814 667 851 meus.

26 891 101 945 Mille
110 893 158 946 ubi
168 893 324 946 transierint
335 894 407 956 anni,
419 911 479 963 qua
491 901 566 948 tanta
577 901 707 963 sequetur

60 989 161 1053 Gloria,
177 989 200 1044 si
212 989 302 1044 forsan
315 990 392 1044 litera
404 992 466 1046 bina
477 991 574 1061 legar?

24 1085 113 1154 AEquo
125 1085 247 1140 animum
260 1086 380 1154 imperio,
393 1093 446 1140 etc.

25 1277 54 1331 Si
64 1284 155 1332 tamen
169 1277 219 1332 hos
231 1295 334 1341 versus,
349 1279 454 1348 siquem
466 1279 565 1349 legisse
570 1280 684 1350 juvabit,

60 1375 121 1430 Hoc
132 1376 204 1430 addo
217 1377 324 1445 optatis,
341 1385 368 1431 et
381 1369 535 1446 superaddo
547 1377 615 1432 nihil
628 1401 634 1432 :

25 1473 118 1527 Dulcis
131 1474 220 1527 honor
232 1475 372 1538 virtutum,
388 1482 416 1528 et
428 1476 518 1529 odore
529 1476 614 1545 gratia
624 1476 709 1538 lamae,

59 1569 177 1640 Votique
189 1576 218 1623 et
231 1570 291 1624 vite
300 1570 433 1625 terminus
445 1578 505 1625 esto
518 1588 592 1625 mee.

368 1735 485 1772 GHORUS.

25 1833 112 1902 AEquo
124 1832 245 1886 animum
257 1831 369 1900 imperio
381 1832 511 1900 subigam,
527 1831 685 1901 prudentior
698 1849 759 1896 usu,

59 1930 97 1984 Ut
109 1930 222 1998 carptim
235 1935 370 1992 attenuor,
386 1945 435 1983 rex
447 1929 628 1998 dominusque
641 1930 703 1983 mei.

27 2027 82 2080 Neo
94 2026 226 2095 podagra,
242 2042 293 2079 neo
306 2025 418 2080 lithiasis
433 2026 595 2080 eruciatibus
609 2043 679 2088 urar,

58 2124 114 2177 Sed
126 2123 227 2177 sensim
239 2122 377 2177 extinctus
390 2123 507 2176 devehat
519 2123 552 2176 ed
565 2122 711 2176 tumulum.

54 2315 66 2348 Ρ
81 2309 143 2363 Quae
155 2316 212 2370 post
224 2306 274 2354 fata
286 2306 355 2354 venit
366 2306 453 2370 gloria,
464 2323 520 2354 sera
532 2306 609 2354 venit.

23 2373 126 2437 Though
144 2372 210 2420 fame
227 2371 276 2419 will
294 2382 338 2419 not
356 2388 462 2420 concern
481 2388 529 2429 me,
542 2371 605 2420 after
620 2371 631 2418 l
644 2387 683 2418 am
696 2370 767 2427 dead,
778 2378 823 2431 yet

27 2439 107 2486 lwish
129 2438 168 2486 for
185 2438 213 2494 it,
236 2436 341 2485 because
360 2437 381 2484 it
400 2437 450 2485 will
466 2438 497 2485 be
514 2454 529 2485 a
545 2437 659 2502 pleneme
671 2445 696 2484 to
709 2451 749 2498 my
766 2450 821 2483 sur-

25 2504 107 2567 viving
118 2503 229 2551 friends:

127 2569 155 2616 Si
167 2583 229 2631 quos
240 2581 371 2630 superesse
382 2566 468 2614 volunt
481 2567 514 2615 di.
685 2565 757 2613 Hon.

27 2633 50 2679 lt
60 2634 71 2681 l
83 2633 115 2682 do
133 2642 177 2681 not
189 2632 284 2695 (which
297 2631 340 2680 has
352 2632 482 2696 happened
501 2643 526 2680 to
541 2648 614 2696 many
625 2630 666 2681 old
679 2630 750 2692 men)
766 2639 820 2678 out-

25 2697 70 2746 live
81 2698 115 2746 all
126 2713 169 2761 my
179 2697 281 2746 friends.
