1986 3398
452 778 682 833 CICINDELA.

151 967 222 1021 ‚Sur
234 984 299 1035 sepe
310 967 441 1034 exiguum
452 974 503 1028 est,
517 983 569 1020 nec
581 984 641 1020 raro
652 969 681 1020 in
693 967 813 1037 margine
826 971 899 1038 ripae,

201 1062 318 1129 Reptile,
332 1063 406 1130 quod
419 1062 493 1114 lueet
504 1069 595 1124 nocte,
610 1063 709 1131 dieque
719 1063 793 1126 latet,

165 1156 271 1211 vermis
283 1157 365 1210 habet
377 1157 504 1224 speeiem,
519 1157 568 1210 sed
580 1157 661 1210 habet
673 1158 708 1212 de
719 1157 824 1213 lumine
835 1176 943 1220 nomem

203 1254 241 1305 Ar
253 1253 365 1320 priscae
375 1252 447 1304 farne
458 1268 514 1304 non
527 1253 621 1321 liquet,
635 1253 710 1306 unde
721 1253 812 1308 micet.

166 1347 293 1416 Plerique
305 1366 322 1400 a
333 1349 419 1402 cande
431 1349 549 1400 eredunt
558 1349 705 1416 procedere
717 1349 826 1410 lumem

201 1445 228 1498 N
230 1461 261 1498 ec
273 1445 382 1508 desunt,
398 1445 515 1498 credunt
528 1445 575 1513 qui
584 1445 695 1499 rutilare
707 1453 797 1514 ceput.

168 1543 237 1596 Nem
249 1559 361 1611 superes
374 1541 465 1594 stellas
477 1558 537 1611 quae
549 1558 604 1594 nox
616 1543 747 1605 accendit,
762 1549 791 1596 et
803 1543 842 1597 illi

202 1637 313 1692 Parcem
327 1639 421 1692 eadem
433 1637 524 1691 lucem
537 1638 590 1699 dat,
606 1638 773 1706 moduloque
782 1655 883 1707 parem.

166 1735 289 1790 Forsitan
302 1737 355 1789 hoc
367 1736 488 1803 prudens
502 1735 587 1788 voluit
599 1742 696 1788 natura
708 1736 805 1798 caveri,

202 1832 246 1885 Ne
258 1832 329 1900 pede
341 1831 401 1901 quis
414 1832 484 1884 duro
496 1831 592 1899 reptile
605 1838 775 1885 contereret:
980 1827 981 1834 ’

166 1925 308 1996 Exiguam,
323 1925 351 1979 in
364 1925 484 1979 tenebris
496 1942 531 1978 ne
543 1943 667 1993 gressum
680 1925 830 1982 offenderet
841 1929 918 1989 ullus,

201 2023 340 2078 Proetendi
352 2022 438 2076 voluit
449 2021 562 2076 forsitan
574 2022 619 2075 illa
629 2023 727 2076 facem.

167 2119 230 2176 Sive
242 2135 324 2173 usum
336 2119 410 2172 hune
422 2125 520 2172 natura
532 2135 636 2186 parens,
649 2135 698 2172 seu
711 2121 806 2174 maluit
818 2122 900 2181 illurn,

203 2216 285 2270 Haud
296 2215 397 2270 frustra
407 2232 521 2269 aceensa
533 2221 574 2268 est
585 2214 643 2277 lux,
658 2216 778 2284 radiique
791 2218 854 2270 dati.

166 2314 265 2368 Ponite
277 2329 326 2367 vos
339 2312 431 2375 fastus,
446 2312 563 2366 humiles
577 2328 627 2364 nee
637 2313 764 2379 spernite,
780 2315 885 2384 magni;

204 2409 322 2472 Quando
334 2409 415 2463 habet
428 2414 456 2462 et
469 2407 611 2461 minimum
625 2407 728 2475 reptile,
743 2412 818 2477 quod
829 2411 919 2464 niteat.
