1986 3398
163 137 213 186 luo
315 149 423 186 reuxus
442 150 477 184 ur
495 147 640 184 enruuxns
660 147 754 193 nasus,
769 147 829 186 ure.

197 290 333 359 Principio
346 292 440 354 solem,
456 299 484 345 et
496 298 589 353 terras,
604 291 782 360 praelat-aque
794 292 853 346 coeli

162 387 285 448 Lumina,
300 393 513 456 surgentemque
526 387 553 440 iu
567 393 705 440 menstrua
717 403 820 440 cornua
833 388 918 440 lunam

160 481 207 534 Vis
218 481 308 534 inlusa
320 483 398 551 regit,
413 483 556 550 coitusque
569 482 701 535 immensa
712 481 812 550 cupido

162 577 264 631 Molem
276 578 340 647 agit,
356 586 383 633 et
397 596 494 647 magno
507 580 603 632 mundi
615 595 645 632 se
657 595 771 648 corpore
784 579 886 632 miscet.

158 675 278 728 AEtheris
290 675 353 728 hinc
366 676 443 744 ignes
455 676 592 736 labuntur,
608 682 636 729 et
649 682 720 728 errat
735 675 763 728 in
776 675 855 728 orbes

161 771 285 841 Quisque
296 789 370 834 suos,
387 773 479 826 Puoeui
491 773 609 834 arbitrio,
625 772 671 840 qui
684 772 773 826 sidera
785 777 860 826 certo

159 868 324 938 circumagit
335 886 413 939 gyro,
428 886 489 924 sese
505 885 599 924 exsors
612 869 669 936 ipse
681 869 827 923 movendi:

159 966 232 1019 Hinc
244 967 326 1020 celeri
338 968 439 1021 circum
453 967 585 1036 vertigine
600 967 718 1036 Cynthia
730 975 806 1034 rapta

159 1062 292 1124 Volvitur,
308 1070 336 1116 et
349 1062 433 1116 varias
446 1064 598 1130 splendoris
610 1062 713 1116 lubrica
723 1062 824 1116 formas

159 1159 262 1221 Induit,
277 1176 325 1211 ora
336 1159 423 1212 modis
436 1168 577 1214 ostentans
591 1161 705 1214 candida
717 1160 800 1213 miris.

161 1255 228 1316 Quae
240 1257 369 1324 quoniam
382 1265 467 1310 terras
480 1257 590 1326 propius
603 1273 669 1324 vaga
680 1256 785 1309 lumine
796 1256 899 1316 lustrat,

158 1351 255 1413 Efficit,
270 1360 302 1406 ut
314 1352 412 1420 cupide
424 1370 533 1407 sursum
546 1353 630 1422 magis
643 1353 733 1406 omnia
745 1353 858 1406 tendant

160 1449 286 1517 Surgere.
302 1438 487 1518 dilectumque
499 1457 595 1517 parent
607 1449 737 1503 accedere
748 1449 783 1502 ad
796 1450 896 1503 orbem.

163 1546 202 1598 At
214 1545 269 1598 leni
282 1545 394 1613 imperio
409 1545 521 1624 Bhoebes
534 1563 628 1616 parere
640 1552 767 1599 recusant

159 1641 260 1694 Educti
273 1642 337 1694 caelo
347 1649 465 1704 montes,
481 1643 619 1710 nullisque
631 1641 777 1695 trahuntur

159 1737 307 1800 illecebris
323 1739 411 1792 solido
425 1739 496 1792 vires
509 1739 574 1792 dum
587 1755 701 1807 corpore
714 1738 836 1791 vincunt.

158 1834 250 1888 Mollis
263 1852 339 1904 aquae
352 1837 432 1890 citius
445 1837 517 1890 cedit
530 1843 634 1898 natum,
649 1835 785 1904 marisque

157 1931 292 1998 Agnoscit
305 1932 458 1992 dominam
477 1933 578 1985 fluctus
591 1931 672 1984 simul
684 1931 730 1983 illa
742 1931 868 1984 volentes

158 2027 202 2079 Ad
215 2041 276 2081 sese
288 2034 377 2088 vocat,
391 2035 473 2096 atque
485 2029 540 2081 imo
553 2028 606 2081 ciet
619 2042 729 2096 aequora
740 2025 836 2090 fundo,

159 2123 298 2176 Attollens
310 2123 439 2192 liquidam
453 2125 553 2178 molem
566 2141 732 2193 camposque
744 2130 880 2180 natantes.

159 2221 210 2281 Ac,
228 2219 303 2272 velut
318 2219 430 2273 incensa
441 2221 545 2290 ingenti
557 2222 690 2290 magnetis
703 2237 796 2274 amore

157 2317 246 2369 Ardet
259 2331 332 2378 acus,
348 2323 528 2386 properatque
541 2317 621 2380 coire,
636 2317 759 2385 salitque,
775 2323 946 2386 tremensque

157 2413 260 2465 Nititur
275 2415 309 2467 ad
322 2413 416 2480 lapidis
429 2413 509 2475 latus,
524 2419 552 2465 et
565 2429 635 2465 nova
647 2413 755 2465 vincula
767 2413 868 2473 sentit;

156 2507 238 2562 Haud
251 2509 336 2572 aliter,
351 2509 425 2562 lunae
438 2511 585 2562 observans
597 2509 656 2570 iter.
671 2508 752 2561 altius
765 2508 853 2562 undas

155 2602 250 2671 Erigit,
265 2605 436 2672 assurgitque
447 2604 523 2658 fretis
535 2604 704 2658 ferventibus
717 2619 815 2671 equor.

157 2699 215 2751 Nec
227 2717 311 2762 mora,
327 2717 378 2754 nec
392 2701 515 2768 requies;
535 2718 589 2769 qua
601 2718 631 2754 se
642 2701 695 2754 fert
710 2699 839 2770 Cynthia,
854 2701 933 2770 ponti

156 2791 312 2860 Insequitur
325 2794 452 2846 cumulus
465 2811 560 2848 comes
574 2812 636 2857 uua,
652 2802 679 2849 et
691 2795 788 2864 gibbus
801 2813 938 2867 aquarum.

157 2885 227 2936 Cum
242 2887 359 2950 primum
374 2896 468 2941 nostro
481 2890 550 2942 vasti
563 2892 656 2958 regina
666 2891 794 2959 profundi

157 2976 294 3028 Incumbit
306 2979 409 3044 pelago,
426 2982 578 3051 tumidique
589 2987 622 3038 ad
635 2987 726 3040 littora
736 2989 840 3042 fluctus

155 3067 229 3119 Nota
241 3076 324 3112 rum*
350 3086 360 3087 ”
399 3079 404 3088 ·
438 3091 472 3126 ex
484 3075 535 3128 alia
548 3079 696 3134 retinacula
707 3080 789 3134 solvit
