1986 3398
325 181 329 191 ’
347 175 503 212 muniente.

23 316 121 368 Ardua
132 333 214 384 quam
225 317 302 385 justo
315 318 415 385 pendet
428 317 568 370 libramine
580 314 681 369 moles!

59 413 124 473 Qua
136 421 225 480 partes
238 413 341 467 herent
352 413 472 482 partibus
485 411 641 466 harmoniai

23 509 112 572 Quos,
128 527 218 572 cerne,
233 510 266 563 ad
279 527 417 571 numeros,
433 513 465 563 ab
479 511 582 563 utrovis
595 511 694 571 littore,
709 510 809 562 sensim

24 613 26 620 ’
58 605 133 658 Sunt
145 622 227 674 supra
237 606 352 660 acclives
364 606 561 675 alterutrinque
574 603 638 659 riae!

22 699 121 752 Pontis
133 709 265 767 aperturae
277 717 357 769 quarn
370 701 471 754 distant
483 701 588 768 legibus
599 701 688 769 aequis,

58 795 189 847 Exterior'
201 796 301 863 quevis
313 795 442 848 interiore
452 796 540 848 minor
551 794 558 849 i

23 892 109 944 Hunc
121 892 186 944 artis
199 893 371 960 splendorem
384 893 463 954 inter,
479 893 546 945 nihil
558 894 671 960 impedit
683 895 778 956 undas,

60 988 163 1048 Quove
175 988 265 1040 minus
276 988 397 1056 placidus
410 989 454 1040 vel
465 989 616 1042 taciturnus
629 1006 682 1042 eas.

23 1085 70 1138 Nil
84 1085 134 1137 tibi
146 1085 308 1138 descensum
320 1085 467 1145 eccelerat;
488 1101 544 1138 non
557 1086 666 1138 vorticis
676 1085 748 1139 ullus

59 1181 194 1248 Impetus
209 1181 236 1233 in
249 1197 367 1249 praeceps
379 1182 454 1234 unde
466 1180 588 1234 seruntur
600 1198 683 1249 aquae.

23 1277 117 1330 Fiuxu
129 1277 210 1340 idem,
223 1278 329 1330 refluxu
342 1278 421 1340 idern,
437 1278 592 1332 lenissimus
601 1278 687 1332 amnis

62 1374 233 1427 Incolumem
243 1376 339 1428 subtus
351 1375 457 1437 sternis,
473 1383 505 1428 ut
516 1383 588 1438 ente,
598 1376 689 1429 riam:

24 1470 101 1524 Seris
112 1471 243 1524 iudicium
257 1471 356 1534 saec'lis,
372 1489 426 1540 quo
439 1472 560 1540 principe
572 1479 648 1527 tanta

61 1567 129 1620 Haec
142 1568 192 1621 tibi
203 1569 321 1622 surrexit
333 1569 425 1636 gloria,
441 1569 508 1622 liber
522 1570 582 1622 eris

317 2167 543 2222 MILLIARIA.

27 2329 185 2381 Lonmnuu
198 2343 214 2378 a
225 2325 329 2379 Grante
340 2325 465 2394 pergenti
478 2325 518 2392 (in
530 2342 596 2392 pace
609 2327 736 2394 quiescet,

65 2425 122 2485 Qui
133 2423 238 2492 posuit)
252 2429 336 2491 quota
348 2423 403 2475 sint
416 2421 505 2483 millia,
521 2438 585 2474 saxa
597 2429 701 2476 notant.

21 2520 87 2572 Jam
100 2536 166 2580 non,
181 2517 321 2585 adpatrias
334 2517 403 2570 aedes
417 2516 563 2578 rediturus,
579 2517 707 2570 alumnus

66 2615 180 2669 Incertae
192 2614 315 2682 queritur
327 2613 405 2665 taed'ra
418 2613 485 2664 dura
498 2611 553 2664 viae.

22 2713 89 2766 Jam
101 2691 167 2771 non}
185 2709 314 2762 Fulmerii
326 2708 433 2762 deserta
445 2725 492 2776 per
505 2725 612 2776 equora
621 2708 715 2776 campi,

68 2805 171 2867 Querit
184 2804 231 2857 ubi
243 2804 341 2866 villam,
357 2803 538 2872 conspiciatve
551 2804 672 2856 domurn.

30 2905 122 2965 Quem
136 2910 222 2970 roget,
238 2910 362 2956 occurret
375 2901 467 2954 nullus
479 2902 502 2954 si
514 2900 584 2953 forte
594 2901 687 2962 viator,

66 2999 166 3052 Certus
179 2999 206 3052 in
219 2999 329 3052 incertis
342 2999 423 3052 rebus
435 2997 539 3050 amicus
550 2997 635 3050 adest.
