2002 3400
176 155 228 208 25⁴
448 171 561 208 camara
581 171 712 208 oascuaa.

177 296 363 364 lmposithue
375 295 481 348 haerere
492 295 567 355 solo;
587 295 699 348 miratus
711 297 829 357 abunde,

179 391 262 452 Quod
275 407 330 445 non
344 391 474 460 precipiti
484 391 562 459 lapsu
574 398 649 460 petat
661 393 746 444 ardua
758 392 816 444 caeli
985 453 986 464 χ

177 486 300 540 Pendula
312 487 392 541 turba
403 503 494 548 ruens,
509 487 686 556 subjectaque
698 487 786 540 sidera
798 487 894 555 pulset.
985 547 986 566 γ

212 582 266 635 liic
279 583 359 636 etiam
372 587 487 644 motum,
502 597 584 650 quem
597 589 705 635 nonest
717 599 801 635 ausus
817 583 921 651 Apelles
985 585 986 628 l

178 677 276 739 Moliri,
291 677 394 746 pictum
406 676 527 745 aspicias.
568 677 606 731 Ut
618 677 739 746 gramina
749 676 840 730 flabris

177 772 290 826 Summa
301 779 431 833 tremunt,
446 771 605 841 undantque
617 772 672 826 levi
683 771 835 825 sinuamine
847 770 949 826 fluctus!

177 869 287 924 Mimica
299 886 373 925 nunc
385 873 527 926 hominum
541 871 651 940 effigies,
667 888 741 925 nunc
759 871 855 924 charta
862 869 961 923 ferarum

177 965 312 1020 Mentitur
323 968 466 1022 simulacra
478 970 566 1024 modis
579 968 718 1022 volitantia
728 967 813 1020 miris.

177 1061 306 1115 Certatim
318 1070 464 1132 properant
477 1070 575 1118 tenues
587 1079 724 1116 arcessere
737 1061 814 1122 vitas,

175 1156 324 1225 Progenies
336 1159 485 1219 hodierna;
506 1165 533 1212 et
546 1158 661 1226 plurima
673 1157 755 1224 spirat
768 1156 870 1224 imago,

176 1250 346 1320 Miraturque
359 1269 443 1307 novas
455 1253 563 1313 formas,
579 1259 606 1304 et
619 1269 675 1306 non
688 1267 738 1304 sua
749 1252 883 1304 membra.

209 1346 326 1416 Jamque
335 1349 464 1416 equitem,
479 1349 585 1416 siquem
596 1348 653 1401 fors
665 1347 720 1400 hue
732 1347 884 1411 advexerit,
899 1348 958 1402 ultm

176 1441 288 1510 Arripis,
303 1442 387 1510 inque
400 1449 475 1495 tuam
488 1443 562 1511 cogis
572 1442 687 1510 migrare
700 1442 851 1505 tabernam,

175 1537 235 1590 Nec
248 1543 337 1590 tamen
352 1538 481 1606 impedias
493 1538 552 1600 iter,
562 1544 610 1590 aut
623 1538 660 1590 sis
673 1553 753 1591 eausa
764 1539 901 1592 morandi.

210 1632 263 1686 Hic
275 1633 368 1686 avidos
380 1634 485 1702 pavisse
498 1635 601 1696 oculos
617 1633 747 1702 salvoque
759 1633 870 1699 pudore

175 1727 206 1780 In
220 1734 301 1796 caput
314 1743 455 1782 excussam
467 1729 507 1782 las
521 1736 563 1782 est
576 1729 675 1782 vidisse
687 1727 815 1796 puellam.

174 1822 213 1876 Ut
225 1823 337 1892 graciles
351 1831 426 1877 artus
439 1821 605 1877 tenuantur!
626 1829 658 1876 ut
669 1822 786 1876 ambitus
797 1823 861 1876 imae

173 1917 263 1972 Vestis
275 1919 302 1971 in
317 1919 447 1988 exiguum
461 1919 571 1972 tandem
580 1916 752 1970 concluditur
764 1918 874 1985 orbem,

175 2014 264 2075 Quam
276 2022 367 2069 tamen
380 2017 408 2068 in
421 2022 543 2084 quartam
557 2021 643 2068 sartor
656 2022 814 2081 porrexerat
828 2011 936 2068 ulnam!

174 2109 283 2164 Scilicet
294 2110 346 2164 hoc
359 2110 439 2164 etiam
453 2117 494 2163 est
507 2109 601 2162 similis
613 2109 718 2177 pictura
730 2109 839 2176 puellae,

175 2205 256 2266 Quod
269 2205 344 2274 tangi
355 2211 482 2258 metuens
494 2210 667 2272 prensantem
676 2202 780 2254 lubrica
793 2203 920 2256 dextram

172 2300 294 2353 Exultim
306 2299 385 2368 fugit,
401 2300 563 2366 elusumque
576 2297 704 2366 relinquit
712 2303 865 2351 amantem.

206 2394 268 2448 Jam
280 2395 344 2448 satis
357 2401 413 2448 est:
434 2400 539 2448 tectum
546 2393 656 2446 tandem
668 2391 717 2445 lux
729 2391 814 2444 intret
827 2399 965 2461 apertum:

172 2490 265 2544 Prisca
276 2488 346 2542 redit
356 2486 456 2541 chartae
469 2486 572 2549 albedo,
586 2486 747 2554 fluxumque
759 2486 883 2540 nitorem

172 2585 265 2646 Exuit,
281 2590 308 2637 et
318 2582 419 2636 lautam
434 2587 510 2635 tanta
520 2580 654 2649 farragine
665 2596 810 2648 pompam;

173 2680 320 2747 Gloriaque
332 2680 360 2730 in
373 2685 471 2732 tenues
483 2678 584 2744 dilapsa
597 2677 742 2730 resolvitur
753 2693 846 2730 aurae.

173 2773 268 2839 Usque
280 2773 347 2824 adeo
360 2788 419 2839 que
431 2773 479 2824 lux
490 2772 606 2825 illustrat
618 2779 721 2832 caetera,
736 2779 865 2826 nostram

174 2863 308 2914 Obscurat
320 2879 436 2924 scenam,
453 2871 480 2916 et
493 2865 575 2916 nimio
588 2865 618 2917 fit
631 2865 734 2918 inutilis
747 2882 811 2918 usu.

209 2955 253 3007 Sic
266 2958 401 3020 quondam
416 2957 547 3011 Lemures
560 2959 691 3013 sublustri
703 2961 793 3016 noctis
803 2961 835 3014 in
849 2964 948 3016 umbra
