1994 3398
320 167 391 206 uuus
410 168 575 204 sucurrere.
806 156 854 206 121

42 307 174 362 Excelso
186 323 204 359 e
215 305 282 360 solio
294 306 389 374 procul
401 307 545 360 observare
556 307 701 375 procellam

42 406 231 467 Nascentem,
246 410 274 458 et
285 404 349 458 belli
360 405 460 473 primos
472 419 645 472 compescere
656 405 773 464 fluetus;

42 502 230 555 Contraetem
242 507 346 554 terrore
360 499 475 569 Europe
487 500 641 568 expendere
653 501 780 563 frontem,

40 599 164 652 Ducere
176 598 205 650 in
217 596 371 665 amplexum
384 597 508 666 populos,
523 604 552 650 et
562 596 663 651 fodere
674 604 770 666 gentes

39 695 183 764 Jungere,
199 700 226 746 et
238 694 266 746 in
278 709 372 762 pacem
383 692 514 747 luctantia
526 709 624 762 eogere
636 710 727 762 regne.

41 791 148 860 thue
160 796 236 843 tuem
248 788 354 843 adversi
365 787 451 857 nupel
465 805 528 842 eum
541 805 682 844 murmure
693 789 769 844 venti

41 889 189 957 Frangere
201 887 335 956 paulisper
346 886 443 946 eonati,
458 903 539 956 egere
553 887 715 941 Britannum

42 986 94 1040 Ad
106 993 229 1055 portum,
245 991 272 1038 et
284 991 345 1038 tuto
357 1000 473 1053 posuere
484 984 513 1038 in
525 985 616 1038 littore
629 1000 740 1038 nuveme

41 1083 94 1138 Sic
106 1098 172 1152 quae
181 1081 237 1150 jum
250 1087 366 1149 stragem
378 1079 494 1134 intentet
505 1079 628 1134 felicibus
643 1079 739 1148 Anglls

41 1179 220 1247 Tempestas,
235 1175 364 1244 seritque
376 1175 463 1237 minis,
478 1181 646 1244 martemque
657 1175 772 1237 lucessit,

42 1278 91 1331 Te
102 1274 226 1329 medium
238 1273 301 1327 belli
312 1273 439 1342 pacisque
450 1273 498 1326 ubi
509 1273 632 1335 senserit,
647 1273 719 1328 ultro

42 1376 188 1428 lnnocuos
198 1372 299 1426 fluctus
313 1370 456 1425 Britonum
469 1371 595 1425 devolvet
607 1372 640 1424 ab
650 1371 712 1434 oris,

41 1473 83 1526 Et
95 1471 198 1525 frustra
208 1470 330 1537 inceptos
341 1475 425 1536 ponet
437 1468 595 1522 submissior
607 1468 668 1521 iras.

260 1877 366 1931 ANUS
385 1874 630 1931 SAECULARIS:

65 2036 129 2076 oua
147 2036 251 2071 ωιτη
269 2036 380 2070 cursuri
398 2036 532 2070 ruroruu
551 2034 677 2080 urrisu,
696 2033 755 2068 rrso
773 2034 819 2069 ure

140 2113 249 2158 norror,
262 2113 393 2148 sxrusvrr
406 2113 439 2147 er
452 2112 574 2157 coruus,
586 2111 660 2146 Auro
675 2098 744 2149 1728.

113 2239 284 2294 Sruouursrs
296 2237 448 2307 prodigium
461 2253 477 2290 o
490 2242 614 2298 senectae,

112 2334 150 2388 Et
161 2350 263 2388 novum
277 2334 430 2402 exemplum
443 2329 645 2387 diuturnitatis!

112 2431 200 2499 Cujus
211 2445 345 2484 annorum
359 2429 443 2484 series
455 2429 483 2482 in
495 2429 615 2498 amplum

483 2524 591 2580 Desinit
602 2525 696 2578 orbem
708 2521 714 2577 !

109 2719 213 2789 Vulgus
222 2719 320 2773 infelix
331 2719 481 2782 hominum,
496 2718 562 2780 dies,
577 2714 628 2771 enl

110 2815 246 2884 computo
258 2830 340 2884 quam
352 2815 456 2884 dispare
469 2819 657 2882 computamus
668 2809 675 2864 l

109 2912 198 2974 Quum
211 2919 259 2966 tua
269 2929 288 2965 a
298 2928 404 2966 summa
415 2910 510 2981 procul
520 2917 562 2964 est
574 2915 678 2961 remota

482 3004 623 3060 Summulu
635 3009 727 3057 nostra
738 3000 744 3054 l
