2002 3400
449 535 519 589 SPE
540 535 654 591 FINIS.

151 745 197 797 An
209 743 342 805 dextram,
355 743 390 795 ad
401 741 504 805 inm
518 759 609 810 porro,
623 749 707 806 retro,
722 745 798 813 itque
816 743 941 814 reditque.

186 839 361 907 Deprensum
374 839 403 891 in
414 839 512 906 laqueo
524 855 607 908 quern
619 839 792 910 labyrinthus
803 840 894 895 habet

150 937 188 990 Et
199 937 265 1004 legit
277 943 306 989 et
318 936 414 1004 relegit
424 952 543 1003 gressus,
558 952 620 989 sese
632 936 748 1005 explicet
760 937 844 999 unde.

186 1031 350 1100 Perplexnm
361 1046 484 1099 querens
496 1031 573 1084 unde
585 1032 709 1085 revolvet
721 1034 781 1086 iter.

150 1127 199 1182 Sta
209 1127 301 1190 modo,
314 1128 416 1194 respira
426 1127 547 1196 paulurn,
562 1127 645 1180 simul
655 1130 747 1196 accipe
759 1129 835 1182 filum
848 1151 856 1189 ;

186 1223 295 1277 Gentius
307 1230 336 1276 et
347 1223 445 1276 melius
457 1239 513 1276 non
529 1223 649 1276 Ariadne
662 1223 744 1276 dnbit.

150 1318 195 1373 Sic
207 1325 244 1380 te,
258 1318 297 1372 sic
309 1317 408 1379 solum,
422 1301 672 1386 expedies'errore:
692 1318 794 1370 viarum

185 1412 352 1481 Principium
364 1413 495 1475 invenias,
509 1413 537 1466 id
549 1413 599 1467 tibi
610 1412 672 1466 finis
685 1413 744 1466 erit.

280 1938 473 1994 OPTIMUM
492 1938 567 1992 EST
588 1935 822 1997 CONVIVIUM.

317 2087 347 2123 lN
360 2087 436 2130 Quot>
449 2085 613 2124 cucuma
627 2085 682 2122 NON
698 2084 790 2120 VRNIT.

152 2251 259 2306 Macra
272 2253 431 2308 instauravit
447 2253 562 2307 Macedo
575 2252 700 2306 convivis
713 2252 807 2314 victor,

186 2347 301 2415 Adjuvit
312 2347 395 2401 festas
408 2353 436 2400 et
448 2347 585 2400 citharista
597 2347 695 2414 dapesz

150 2441 275 2495 Heroum
288 2442 387 2496 cecinit
399 2441 480 2494 simul
492 2441 537 2494 ille
549 2441 669 2510 ingentia
683 2440 754 2494 iacta

185 2535 325 2606 Argivirm,
341 2538 369 2592 in
384 2537 474 2591 Persis
487 2537 534 2605 qui
547 2538 668 2592 cecidere
684 2536 784 2606 plagis:

148 2633 257 2685 Exarsit
267 2633 385 2701 juvenis,
400 2633 511 2686 dederat
524 2649 590 2701 quas
606 2633 738 2695 Musicae,
753 2632 816 2693 iris;

184 2725 244 2776 Nec
256 2725 378 2794 longum,
395 2726 535 2787 exclamat,
551 2727 638 2779 victor
650 2727 755 2780 inultus
768 2743 825 2780 ero.

151 2815 188 2868 Et
200 2816 278 2868 triste
290 2834 307 2869 o
319 2817 423 2872 facinus
434 2817 441 2870 1
464 2819 615 2888 Persepolis
628 2821 674 2874 illc
686 2830 802 2876 venusta

186 2906 257 2960 Urba
268 2907 329 2972 fuit,
345 2912 460 2978 aequavit
473 2928 553 2980 quam
568 2914 731 2970 citharoedus
743 2917 838 2970 humo.
