1986 3398
349 561 484 617 CRURA
509 563 755 617 nuscirl'rlu.

152 735 234 790 iiiuc
246 753 314 806 puer
328 739 368 805 (et
381 739 459 806 pueri
470 746 591 793 mentem
604 753 715 807 quoque
726 737 811 806 gloria
822 734 915 802 tangit)

189 833 285 886 Artem
298 833 389 895 hebet,
403 840 434 886 ut
447 851 508 888 sese
521 834 618 888 toliere
630 833 716 902 possit
728 833 830 886 humo:

151 927 259 982 Seiecta
271 945 305 982 ex
317 929 420 982 baculis
433 929 489 982 duo
500 929 575 998 ligna
586 929 699 998 abiegna
711 928 831 996 requirit,

190 1023 315 1085 Quatuor
327 1026 360 1078 ad
374 1025 491 1092 spatium
505 1025 603 1094 plusve
615 1025 741 1078 minusve
754 1024 861 1092 pedum.

152 1118 203 1172 His
216 1119 306 1182 etiam,
321 1127 353 1174 ut
366 1120 463 1174 melius
476 1121 589 1190 vestigia
600 1120 698 1182 firmet,
714 1119 815 1188 equino

187 1215 231 1269 De
243 1216 318 1270 corio
330 1216 413 1285 effigit
424 1216 505 1269 fortia
516 1217 575 1270 iore
587 1218 652 1270 duc.

153 1311 225 1372 Quae
237 1318 383 1381 postquem
395 1312 478 1366 cieris
490 1330 572 1381 supra
583 1313 707 1366 devinxit
719 1320 747 1364 et
760 1311 837 1375 inire,

188 1406 251 1474 ipse
262 1423 344 1462 suum
357 1409 472 1470 scandit,
487 1410 561 1477 qnod
573 1408 720 1469 fabricavit,
735 1424 823 1476 opus:

153 1502 297 1572 Centoque
309 1504 419 1565 incedit,
434 1505 520 1572 prima
531 1505 564 1557 nd
579 1504 735 1566 tentamina,
750 1519 856 1572 gressu,

188 1597 224 1650 Et
237 1614 309 1652 nove
320 1615 384 1652 cum
397 1599 484 1652 multo
497 1615 577 1652 crure
589 1607 707 1652 tremore
720 1608 820 1652 movet.

154 1691 220 1745 Mox
234 1693 280 1746 ubi
292 1710 323 1747 se
336 1693 429 1748 didicit
441 1694 581 1747 libramine
594 1696 714 1762 pendere
722 1695 809 1763 justo,

190 1787 262 1841 Hinc
275 1788 338 1842 inde
351 1789 500 1857 intrepidos
512 1789 621 1858 fertque
633 1789 770 1859 refertque
781 1791 892 1858 gradus.
982 1801 983 1856 ἴ

153 1884 224 1939 Saxa
235 1901 283 1953 per
297 1893 323 1938 et
336 1886 439 1953 plateas
451 1885 531 1954 largis
545 1886 603 1939 vuit
615 1888 738 1954 passibus
752 1887 806 1946 ire;

190 1979 252 2040 Qua
265 1981 307 2033 via
319 1996 368 2048 per
381 1981 510 2039 medium.
526 1996 579 2048 qua
592 1981 634 2033 via
647 1981 729 2043 nullu,
743 1983 842 2035 lutum,

153 2074 224 2128 Cum
236 2076 327 2129 subito
341 2077 487 2142 (audentes
499 2076 610 2130 fortuna
622 2093 673 2130 nec
687 2095 773 2147 usque
781 2081 890 2151 juvabit

189 2171 334 2240 Prospera)
348 2172 376 2224 in
389 2172 557 2227 immundam
570 2173 749 2242 precipitatur
761 2173 888 2228 humum.

154 2267 228 2327 Quid
239 2267 319 2321 iaciat
332 2271 414 2337 patris
428 2280 562 2332 metuens,
578 2277 759 2338 metuensque
773 2270 912 2338 magistri!

190 2365 254 2426 Quo
266 2365 351 2434 fugiet
365 2368 471 2420 tunicas
484 2366 631 2435 squalidus,
647 2383 702 2428 ore,
718 2365 832 2420 manusi

155 2461 229 2523 Quin
241 2462 341 2515 iterum
353 2463 489 2524 escendat,
504 2462 609 2530 magnis
621 2461 684 2514 licet
698 2462 804 2515 excidat
816 2462 908 2523 ausin

190 2557 219 2610 Si
230 2557 301 2610 mele
314 2574 389 2610 nunc
401 2557 492 2618 fuerit.
508 2574 563 2611 non
577 2558 647 2611 mele
659 2573 766 2625 semper
780 2557 839 2610 erit.

155 2651 246 2705 Altius
257 2651 285 2704 in
298 2652 395 2705 coelum
408 2652 496 2705 valido
509 2651 563 2720 pila
574 2652 661 2720 surgit
673 2653 707 2704 ab
719 2652 793 2712 ictu;

191 2746 301 2800 Gaudet
315 2753 342 2800 et
353 2763 370 2800 e
381 2747 466 2816 plagis
478 2764 565 2818 ocyus
577 2747 617 2801 ire
630 2747 751 2802 trochus.

155 2842 187 2894 ln
199 2842 314 2909 geminis
327 2842 420 2896 didicit
434 2843 591 2912 quicunque
603 2845 731 2898 incedere
742 2843 830 2912 lignis,

190 2935 321 2987 cruribus
334 2937 378 2988 hic
389 2937 489 3002 poterit
501 2938 588 2989 tutius
601 2938 640 2989 ire
652 2938 716 2990 suis.
