1986 3398
248 603 432 659 HAEREDlS
452 603 619 659 LUCTUS.

36 829 206 882 Nurrrtouurt
219 829 357 882 immeusae
369 845 482 883 summe
494 829 542 898 qui
553 830 673 883 nuscitur
687 829 789 893 liures,

72 924 134 986 Quo
147 925 201 978 ritu
212 925 341 978 emissum
355 925 452 978 defleat
464 925 510 978 ille
522 924 642 992 patrem!

34 1019 135 1088 Magne
145 1019 235 1072 statim
248 1019 337 1087 signet
349 1025 466 1071 mortem
478 1035 615 1086 campana,
627 1020 739 1088 jubete;

69 1114 129 1170 Nec
140 1115 235 1184 pulsus
246 1114 326 1168 horus
338 1115 444 1168 desinet
456 1121 523 1168 unte
535 1115 603 1167 duas
610 1137 618 1176 ;

33 1211 142 1275 Obdite,
156 1211 262 1265 moerori
273 1211 336 1279 quia
347 1211 396 1265 lux
407 1213 523 1274 inimice,
537 1210 687 1272 fenestram

67 1309 171 1364 Durius
184 1318 215 1364 ut
226 1313 316 1380 pulset
329 1329 420 1375 nemo,
435 1319 539 1374 cavete,
552 1311 636 1365 fores.

31 1406 183 1476 Formeque
194 1424 250 1476 quo
262 1409 348 1477 major
359 1408 434 1462 taciti
446 1409 480 1461 sit
491 1407 604 1468 funeris,
619 1408 659 1461 irc

67 1501 206 1570 Suspenso
218 1519 328 1557 servum
341 1519 478 1572 quemque
486 1503 583 1572 jubete
594 1503 672 1572 pede.

32 1597 143 1666 Quique
155 1605 231 1666 paret
243 1599 337 1668 pullas,
353 1606 484 1653 sartorem
496 1598 633 1659 accersite,
648 1604 755 1652 vestes:

64 1693 205 1747 Eventum
217 1695 323 1748 tristem
336 1695 374 1746 nil
385 1693 438 1746 nisi
450 1693 527 1746 triste
540 1694 627 1746 decet.

29 1788 179 1856 Praecipitc,
194 1795 225 1842 ut
237 1805 334 1843 currus
348 1790 383 1842 sit
396 1795 424 1842 et
436 1788 507 1841 intre
518 1787 609 1855 pullus
623 1794 650 1841 et
663 1794 747 1850 extra,
786 1784 788 1788 ’

63 1883 199 1952 Pulluque
211 1884 265 1938 siut
277 1884 371 1937 itidem
383 1883 472 1944 irena,
487 1882 581 1944 sedile,
596 1889 669 1936 rotoe.

28 1979 210 2040 Quadratum
222 1981 313 2034 tabula
325 1979 448 2033 defuncti
460 1979 575 2047 insignia
587 1995 678 2032 corum

61 2076 202 2138 Prostent,
216 2076 245 2128 in
258 2076 347 2130 medie
357 2075 449 2129 fronte
460 2075 550 2128 locata
562 2076 669 2130 domus.

26 2173 168 2234 Testetur,
182 2171 222 2225 las
235 2179 285 2234 est,
300 2171 429 2240 pietatem
443 2171 567 2225 Ecclesia
579 2171 652 2224 nati:

59 2268 173 2337 Pulpitu
184 2268 238 2321 sint
250 2268 349 2336 puriter
362 2268 549 2329 condecorata,
564 2268 636 2320 volo.

23 2364 61 2417 Ut
74 2381 121 2418 res
132 2370 200 2418 sunt
211 2364 288 2417 nihili
299 2364 422 2432 speciosa
433 2363 582 2416 imitamine
592 2363 684 2418 luctus
695 2363 701 2416 l

58 2458 98 2512 Ut
112 2475 201 2527 nugae,
216 2465 247 2512 ut
259 2457 329 2511 frunt
339 2459 431 2511 omnia
440 2456 607 2511 ludibrium!

22 2553 138 2608 Fallitur
151 2553 268 2622 egregie,
282 2569 364 2621 quem
377 2568 476 2622 pompa
488 2559 601 2606 externe
615 2554 715 2608 doloris

57 2652 154 2706 Fallit:
177 2651 216 2704 nil
228 2650 287 2704 istis
299 2650 386 2704 letius
398 2656 441 2704 est
452 2649 588 2717 lacrymis.
