2002 3400
308 205 423 240 ΌΔΜΕΒΔ
443 203 573 240 ΟἙὲῦῦΜ.

26 344 101 397 Huc
116 343 221 411 species
234 360 325 397 rerum
336 343 446 411 illapsae,
461 359 514 412 qua
523 348 600 410 porta
612 340 733 409 patescit,

26 442 144 509 Sponte
157 455 206 491 sua
217 439 364 502 intrabunt,
381 446 408 492 et
420 445 523 508 puncto
537 437 666 507 temporis
679 453 734 490 uno

26 539 87 593 Per
101 539 223 591 chartam
236 546 387 592 automatas
399 555 495 592 cernes
508 537 621 590 volitare
633 535 741 604 figuras.

66 635 168 697 Tales,
180 635 257 704 siqua
268 635 336 688 fides
350 635 477 703 Epicuro,
494 651 509 687 e
522 649 635 701 corpore
648 633 749 685 sensim

27 732 205 786 Membrana
216 731 378 800 aufugiunt;
399 731 485 784 oculis
498 747 558 784 sese
572 730 670 798 ingerit
683 730 756 783 ultro

25 828 160 888 Lamina,
174 828 347 896 sensibilique
360 828 463 880 intrans
475 826 539 880 ferit
553 843 653 895 organa
665 827 755 894 pulsu.

60 925 130 978 Jam
144 941 219 986 vero,
234 924 327 991 quavi
340 923 468 992 refringat
481 924 583 977 vitreus
596 923 680 975 umbo

24 1021 175 1087 Exceptus
186 1020 255 1073 lucis
268 1020 364 1080 radios,
379 1036 432 1087 qua
443 1020 504 1087 lege
517 1025 646 1086 vagantes

24 1115 152 1182 Colligat
165 1114 193 1167 in
206 1115 309 1167 nodum
322 1115 490 1183 complexus
507 1121 535 1168 et
545 1115 601 1167 ima
614 1115 747 1181 supremis

23 1210 144 1272 Vertat;
167 1226 216 1262 cur
228 1215 300 1262 amet
313 1211 437 1262 obtentas
449 1210 556 1278 pictura
567 1210 702 1270 tenebras,

21 1307 38 1360 J
41 1306 137 1360 udicis
150 1305 241 1374 arguti
251 1323 337 1374 quum
350 1323 405 1358 non
418 1305 546 1357 formidet
555 1322 679 1365 acumen,

22 1403 169 1472 Expediet
181 1401 437 1471 physicus-neque
450 1401 523 1454 enim
536 1401 615 1453 datur
628 1400 718 1452 omnia
730 1401 799 1453 scire

23 1497 235 1554 Vatibus-hoc
248 1515 335 1550 unum
348 1497 412 1550 satis
425 1504 467 1550 est
479 1513 652 1564 cognoscere,
667 1498 741 1564 quod
754 1514 809 1549 non

23 1596 185 1656 Incassum,
196 1593 336 1661 velutique
346 1593 406 1661 ipsi,
421 1599 518 1644 natura
527 1592 640 1646 laborat.

63 1691 164 1752 Quare
175 1706 233 1758 age,
249 1706 308 1758 quae
320 1705 403 1742 sensu
414 1688 517 1742 suerint
529 1688 613 1756 magis
625 1687 712 1749 obvia,
727 1704 835 1741 mecum

20 1787 178 1854 conspice,
193 1803 244 1838 nec
257 1802 351 1838 causas
364 1801 455 1838 rerum
467 1791 588 1838 scrutare
601 1784 738 1851 repos’tas.

59 1882 142 1934 Ecce
154 1880 319 1947 superficies
335 1896 416 1948 quarn
428 1879 565 1948 quondam
578 1879 691 1947 ingloria
703 1879 803 1956 nudam

20 1977 129 2032 Vestiit
141 1975 246 2038 albedo,
262 1993 312 2030 ceu
325 1976 398 2030 mille
411 1976 546 2030 coloribus
561 1976 610 2029 Iris

23 2075 150 2134 imbuta,
166 2079 285 2127 ostentat
298 2073 363 2126 varii
376 2072 530 2125 discrimina
540 2071 604 2134 tuci,

23 2171 239 2238 Luxuriemque
251 2186 358 2230 novam,
372 2171 503 2237 lautoque
515 2170 637 2238 superbit
646 2170 755 2224 amictu.

23 2267 128 2322 Cernis
142 2273 173 2318 ut
185 2266 286 2333 incepit
299 2265 373 2318 nullo
386 2266 531 2320 flavescere
544 2266 621 2318 cultu

21 2363 179 2431 Extemplo
192 2369 298 2415 matura
309 2379 403 2430 seges;
419 2362 477 2432 jam
490 2379 573 2416 suave
587 2363 716 2416 rubentes

23 2461 105 2514 Area
117 2465 217 2526 sponte
228 2475 278 2510 sua
289 2457 380 2511 fundit
394 2458 442 2510 tibi
455 2457 564 2511 Daedala
575 2459 664 2511 flores.

23 2555 81 2608 Hic
96 2555 171 2607 mole
184 2555 281 2622 exigua
293 2560 390 2616 turres,
405 2554 585 2622 simulataque
597 2554 701 2623 magnis

21 2651 118 2704 Tecta
129 2656 244 2717 angusta
257 2649 332 2702 vides
344 2671 350 2702 z
370 2649 418 2702 sed
432 2665 519 2716 prono
531 2650 632 2703 vertice
644 2649 726 2702 turris

20 2745 157 2813 Desuper
169 2745 329 2812 impendens
342 2752 428 2807 nutat,
443 2762 621 2814 summusque
634 2745 761 2798 deorsum

22 2841 123 2910 Vergit
135 2858 220 2909 apex:
241 2841 335 2896 caelum
345 2843 468 2896 subsedit
481 2845 513 2896 ad
529 2844 582 2895 ima
594 2842 705 2905 tabellae,

21 2939 143 2991 Summa
155 2944 252 3005 petens
265 2939 375 2991 emersit
387 2939 506 2991 humus:
527 2939 565 2991 sic
579 2939 698 2991 rusticus
711 2938 774 2990 olim

20 3031 151 3086 Credidit
163 3032 322 3101 antipodum
335 3050 444 3087 sursum
456 3033 569 3101 vestigia
581 3033 638 3094 niti,

709 3145 723 3178 1,
