1986 3398
435 773 675 828 FANATICUS.

154 988 334 1042 Conscsnnm
346 989 463 1058 primum
476 989 610 1043 tremulus
622 1004 686 1042 cum
698 987 803 1056 pulpita
815 988 905 1048 irater,

155 1084 214 1138 Stat
226 1085 333 1147 tacitus,
349 1086 522 1154 multumque
534 1102 651 1146 screans,
666 1091 697 1137 ut
710 1084 784 1137 vocis
797 1091 920 1154 apertum

154 1181 258 1234 Pandat
270 1182 330 1244 iter,
344 1181 474 1250 geminas,
490 1181 586 1248 positis
598 1196 684 1250 prope
695 1180 901 1250 dactylothecis,

154 1277 199 1330 Ad
211 1276 307 1330 coelum
319 1277 419 1330 attollit
431 1278 549 1346 palmas,
569 1284 629 1331 turn
641 1275 744 1329 lumina
756 1276 887 1328 claudens

152 1371 207 1425 Dat
215 1373 356 1441 gemitum,
371 1389 521 1442 secumque
533 1373 580 1426 diu
592 1374 795 1426 submurmurat
808 1372 892 1425 intus.

151 1466 212 1520 Vox
224 1468 334 1521 tandem
347 1469 477 1536 erumpit;
499 1468 598 1522 deiude
607 1468 698 1529 altera,
711 1475 739 1520 et
748 1467 833 1520 altera
842 1468 951 1521 deinde:

153 1564 191 1617 At
202 1564 278 1618 lento
291 1580 379 1633 passu,
391 1566 495 1634 gemitu
508 1566 582 1634 prius
591 1565 743 1634 interjecto.

152 1658 219 1713 Mox
231 1659 336 1714 animos
348 1660 450 1714 sensim
462 1677 601 1722 revocans,
613 1659 783 1728 residemque
794 1659 924 1720 furorem,

150 1754 212 1808 Vim
225 1755 304 1809 dictis
314 1755 443 1824 paulatim
456 1756 547 1816 addit,
564 1755 621 1825 jam
633 1755 747 1817 subsilit,
763 1762 791 1808 et
799 1755 858 1825 jam

151 1851 231 1904 Stans
243 1851 312 1920 pede
325 1868 466 1919 suspenso,
482 1858 570 1904 tentat
584 1852 648 1920 quid
661 1851 745 1919 possit
754 1851 847 1905 anheli

150 1947 300 2009 Pulmonis,
314 1947 486 2016 laterumque
495 1948 588 2002 labor:
608 1965 656 2016 per
669 1955 791 2015 tempora
803 1948 868 2001 rivis
910 2021 918 2026 ᾖ

150 2044 176 2096 lt
188 2043 276 2096 salsus
288 2044 385 2106 eudon
406 2046 516 2098 tandem
526 2045 643 2098 fanatica
654 2045 740 2112 surgit

149 2138 318 2208 Tempestas,
334 2146 459 2208 totasque
472 2139 559 2208 quatit
571 2139 733 2193 elamoribus
745 2139 825 2192 ades.

184 2234 267 2289 Haud
279 2235 356 2290 aliter
367 2235 424 2288 leni
435 2241 564 2289 nutantes
575 2234 683 2288 flamine
696 2251 785 2288 ramos

148 2329 298 2399 Insurgens
310 2330 393 2398 agitat
403 2330 513 2391 Boreas,
528 2330 712 2399 tremulasque
721 2337 844 2383 susurrat
983 2309 984 2314 Ἰ

147 2424 201 2479 Per
209 2425 336 2486 frondes3
357 2441 421 2478 mox
430 2426 543 2479 buccam
554 2433 699 2494 utramque
707 2426 854 2480 animosior
868 2427 947 2486 inflat,
983 2371 984 2465 l

146 2521 184 2574 Et
196 2522 299 2576 validos
312 2527 420 2590 quassat
433 2520 507 2573 celso
519 2537 583 2574 cum
596 2521 698 2574 vertice
708 2528 837 2574 truncos,

146 2618 221 2682 Post,
237 2618 284 2672 ubi
295 2618 415 2672 collecta
426 2617 505 2680 vires,
520 2618 659 2687 mqiorque
672 2617 807 2671 turnultus

146 2714 199 2767 Per
212 2721 297 2767 totam
306 2714 416 2768 auditur
429 2715 541 2783 sylvam,
556 2714 589 2767 ab
602 2713 736 2767 radicibus
746 2713 806 2766 imis

147 2808 249 2861 Sternit
261 2807 338 2860 humi
348 2808 473 2875 antiquas
483 2823 609 2875 quercus,
620 2808 793 2875 rapidamque
803 2809 947 2876 procellam

147 2903 330 2970 Agglomerat,
346 2904 452 2971 lataque
466 2904 558 2970 implet
571 2922 669 2958 nemus
682 2921 763 2958 omne
776 2905 864 2958 ruina.
