2036 3400
293 157 418 194 coaroou
439 157 574 199 curuans.
797 141 832 190 43

54 295 118 357 Quid
129 295 198 357 mibi,
213 295 345 364 apollinea
357 297 447 366 cingar
460 298 534 366 quod
545 304 667 364 tempora
678 296 762 356 lauro,

82 392 115 445 Et
126 391 241 460 querula
253 387 341 446 nbrirn
353 398 464 462 tangere
476 392 521 446 fila
531 391 614 462 lyra?

52 488 118 549 Quid
128 487 354 563 prodestrnolles
367 504 496 542 numeros
508 488 640 556 siquando
652 488 802 548 movebant,

82 583 208 652 Virgineae
220 582 322 636 circum
334 584 408 651 quod
419 584 547 636 maduere
563 582 659 652 gena?

50 679 99 742 Ab,
112 678 177 731 nihil
189 685 238 740 est,
255 677 392 747 Corydon,
409 678 501 731 Phoebi
514 695 562 731 cur
574 693 687 732 munero
694 676 798 748 jactes!

82 774 137 828 Nec
148 772 206 843 lyra
214 773 271 843 jam
280 773 380 834 decori,
395 789 447 826 neo
460 773 508 826 tibi
520 773 612 827 laurus
625 774 683 828 erit.

48 871 94 925 Est
105 886 198 932 novus,
214 877 256 924 cst
269 869 389 937 Daphnae
400 867 503 922 felicior
517 869 603 938 ignis;
624 877 652 923 et
663 870 702 924 illi

80 967 189 1023 Dulcior
201 976 242 1022 est
253 969 379 1030 calamus.
394 967 568 1037 oallidiorque
579 984 684 1022 manus·

46 1309 98 1364 Vos
109 1317 199 1363 tamen
212 1309 283 1372 binc,
297 1309 427 1364 comitum
440 1326 500 1378 pars
512 1327 530 1362 o
542 1309 685 1372 carissima,
701 1307 787 1370 amici,

80 1407 164 1468 Queis
176 1421 283 1460 mecum
296 1407 386 1461 luctus
399 1414 472 1470 sunt,
487 1407 631 1477 sociusque
644 1405 729 1470 dolor,

43 1503 148 1557 Parcite
161 1519 217 1564 vos,
232 1502 360 1571 quicquid
369 1502 493 1556 dederint
505 1502 571 1556 mihi
583 1501 638 1554 fota
648 1501 799 1562 serendum,

77 1599 184 1652 Parcite
196 1613 244 1650 vos
258 1596 397 1666 Daphnen
405 1598 560 1652 insimulare
572 1597 635 1650 doli.

42 1697 69 1750 Si
81 1703 143 1749 toto
156 1710 240 1762 vagus
253 1694 318 1747 orbe
328 1693 409 1755 feror,
425 1693 569 1748 comitatur
586 1699 697 1747 euntem

75 1791 125 1844 Me
137 1807 200 1843 mea
211 1805 278 1852 sors,
294 1789 368 1842 nulla
380 1789 549 1843 dissocianda
559 1789 641 1858 iuga:

39 1885 175 1948 Quamvis
187 1885 325 1946 inteream,
342 1883 457 1952 Daphne
469 1883 618 1938 mutabitur
629 1899 716 1952 usque
727 1903 734 1944 ;

73 1984 214 2036 Inteream
227 1979 356 2048 quamvis,
371 1995 459 2047 usque
470 1979 556 2033 fidelis
570 1996 625 2033 ero.

35 2297 138 2368 Siquid
151 2297 240 2350 adbuc
253 2303 382 2365 poterunt
394 2297 552 2351 mollescere
565 2296 654 2359 corda.
670 2311 721 2350 nec
734 2295 821 2350 omnis

71 2393 119 2447 Ex
133 2392 292 2447 inclementi
303 2402 413 2462 pectore
425 2393 494 2464 fugit
506 2410 597 2455 smor;

35 2492 176 2559 Agrestes
189 2489 260 2542 inter
272 2490 382 2544 decoret
394 2507 454 2544 mea
466 2489 563 2545 funera
574 2490 715 2560 nymphas,

74 2587 260 2656 Membraque
272 2604 399 2656 supremo
411 2590 458 2642 det
470 2588 630 2643 tumulanda
641 2605 716 2658 rogo.

32 2685 101 2738 Hoc
114 2684 186 2738 milri
198 2685 329 2738 concedat
341 2685 444 2748 saltem,
456 2703 512 2740 non
525 2685 611 2740 multa
623 2685 735 2754 roganti,

72 2782 219 2852 Nudaque
232 2783 352 2851 cupressi
363 2783 504 2838 frondibus
519 2801 580 2838 ossa
592 2789 681 2852 tegam
726 2768 729 2774 ’

30 2880 194 2950 Relliquias
207 2897 276 2934 urna
287 2881 387 2950 positas
400 2882 446 2936 ubi
459 2882 563 2944 viderit,
579 2881 662 2943 Urna,

70 2977 230 3047 Relliquiss
243 2977 296 3040 lidi,
312 2979 389 3042 dicat,
402 2979 515 3033 amantis
527 2979 618 3032 habes.
