2002 3400
288 458 416 512 SELLA
437 459 633 515 PACIFICA.

60 633 161 686 Urrnrs
174 639 217 685 est
229 632 364 698 cathedra,
379 642 407 688 et
419 637 506 691 multo
519 637 724 705 superimminet
737 637 817 698 amni.

97 729 210 790 Rerum,
225 730 271 783 ubi
284 739 434 786 nascuntur
442 733 540 802 jurgia,
556 741 630 787 certa
642 734 713 787 salus
724 755 731 791 r

59 825 205 878 Effraenem
218 827 326 880 cohibet
336 844 395 895 quae
409 829 536 896 linguam,
552 837 580 882 et
591 837 724 898 temperat
736 831 797 890 iras,

97 921 124 972 N
127 938 158 974 ec
171 921 242 982 sinit,
257 928 288 973 ut
302 923 369 974 ratio
383 923 490 976 deserat
502 923 655 990 imperium.

58 1015 93 1068 In
106 1033 161 1084 qua
175 1017 310 1084 Xantippe
322 1033 495 1085 quaecunque
507 1019 676 1086 immergitur
689 1019 769 1072 undis

97 1111 153 1163 Ter
166 1119 269 1179 quater,
283 1112 401 1165 innocua
413 1113 503 1166 mitior
515 1115 571 1167 exit
583 1130 644 1167 ove.

59 1205 122 1258 Nec
135 1207 281 1273 quidquam
293 1206 393 1259 irarum
406 1208 588 1262 reminiscitur
600 1208 662 1270 illa;
681 1208 781 1262 furoris

97 1301 168 1354 Tam
180 1302 234 1354 cito
247 1302 368 1356 defervet
380 1304 421 1356 vis
433 1303 569 1373 animique
583 1306 692 1359 cadunt.

60 1397 137 1458 Quid
150 1398 230 1450 docet
242 1397 298 1450 haec
311 1398 384 1460 sella,
398 1406 503 1452 attente
516 1401 707 1468 perpenderis;
729 1412 756 1454 et
769 1401 807 1455 nil

96 1493 261 1548 Socraticam
274 1493 347 1548 dices
359 1511 407 1561 par
419 1495 544 1550 docuisse
556 1496 685 1551 scholam.

58 1812 278 1866 PERVENIRI
300 1814 352 1867 AD
377 1813 555 1868 SUMMUM
578 1814 656 1867 NISI
677 1812 732 1866 EX
751 1811 859 1865 PRIN-
884 1881 890 1894 ,

250 1939 367 1993 CIPIIS
388 1940 473 1994 NON
496 1939 660 1994 POTEST.

56 2121 230 2173 Nuwsouuu
243 2122 390 2190 ingentem,
404 2125 499 2178 lumen
512 2141 567 2176 non
581 2123 662 2176 unius
675 2122 732 2183 aevi,

95 2216 130 2268 A.
144 2215 176 2268 B.
191 2232 250 2284 quae
262 2218 355 2270 docuit
367 2220 460 2287 prima,
477 2219 603 2287 magistra
613 2219 674 2271 fuit.

54 2311 173 2364 Doctior
186 2313 230 2366 ille
243 2315 332 2367 statim
346 2315 445 2377 vetula,
466 2316 520 2368 cito
533 2317 619 2369 sensit
631 2316 705 2368 inani

97 2407 233 2468 Quiddam
245 2408 287 2462 his
299 2409 413 2464 literulis
425 2411 512 2480 majus
524 2413 615 2464 inesse
627 2428 704 2464 sono.

56 2503 188 2556 Protinus
201 2504 323 2571 egregios
337 2504 478 2558 elementis
491 2505 609 2574 repperit
623 2522 705 2564 ususr

95 2597 178 2660 Usus,
193 2614 262 2666 quos
275 2615 416 2667 nunquam
428 2599 589 2668 conjiciebat
600 2615 678 2652 anus.

56 2694 203 2760 Notosque
215 2693 315 2761 ignotis
327 2711 457 2747 numeros
469 2694 593 2748 conferre
605 2693 716 2759 peritus,

96 2788 163 2841 Inde
175 2794 324 2856 potestates
335 2789 435 2842 format
447 2789 570 2858 utrisque
583 2788 666 2841 datas.

56 2884 155 2938 Laudo
167 2890 258 2936 tamen
271 2885 371 2936 vetulae
384 2893 517 2953 praecepta
530 2901 562 2938 ea
572 2883 696 2952 primula
711 2899 825 2952 queque

94 2978 224 3033 Newtoni
236 2977 308 3031 haud
321 2979 442 3034 dubitem
456 2979 545 3033 dicere
560 2978 702 3048 Principia.

704 3080 720 3114 r
734 3079 750 3113 r
