2002 3400
308 154 426 199 ΠΑΝΤΑ
445 155 563 202 ΓΕΛΩΣ.

21 316 58 369 Ut
72 315 160 370 coriis
172 315 246 370 iures
259 318 348 370 unctis
360 319 516 380 absterreat,
531 319 576 372 ille
661 361 664 365 .

55 413 179 466 Latratu
191 413 278 466 multo
291 421 402 482 perpete
414 421 496 468 nocte
507 413 581 468 iurit.

20 509 64 561 En
80 524 141 576 quo
153 509 285 576 processit
298 511 441 563 verborum
454 509 568 580 injuria!
608 511 710 564 Brutus

56 605 184 672 Expellit
196 621 301 673 porcos,
316 614 344 660 et
359 607 426 660 Cato
439 614 528 661 servat
540 624 614 660 oves.

22 703 63 755 At
76 717 171 769 neque
183 709 306 755 servatur
318 703 403 772 major
416 703 567 757 reverentia
578 704 654 766 divis,

59 797 102 852 At
115 814 207 866 neque
222 799 360 854 Coelitibus
372 801 483 853 nomina
494 807 587 854 sancta
599 800 700 868 magis:

19 895 109 956 Juno,
127 892 223 956 Diana,
239 894 341 956 Venus,
356 895 493 963 quondam
506 896 641 948 celebrata
652 895 739 963 poitis

58 989 194 1051 Numina,
204 989 261 1058 jam
274 990 387 1043 nuribus
400 997 464 1044 sunt
476 990 610 1058 gremialis
625 989 726 1045 Amor:

21 1087 161 1141 Curribus
173 1087 206 1139 ad
219 1087 307 1140 varios
319 1095 403 1141 coetus
415 1087 553 1141 hincinde
565 1088 708 1148 feruntur;

60 1184 120 1237 Seu
132 1183 189 1236 fors
201 1184 302 1251 templa
312 1184 405 1252 magis,
421 1185 478 1237 sive
490 1184 595 1237 theatra
603 1185 710 1254 juvent.

21 1280 52 1333 Si
64 1279 140 1331 soret
152 1279 180 1331 in
193 1278 271 1331 terris
285 1278 467 1342 Democritus,
482 1279 552 1332 hanc
564 1295 673 1348 quoque
681 1279 784 1349 justam

61 1375 208 1430 Materiam
222 1375 291 1429 risus
304 1375 402 1429 dixerit
414 1392 474 1429 esse
486 1375 537 1429 sui.
596 1413 598 1416 -

269 1931 335 1941 ·-·-
347 1919 371 1953 ³1
386 1919 501 1953 PROPIUS
514 1919 585 1963 STES,

189 2017 223 2050 ΤΕ
236 2017 333 2051 ΟΔΡΙΒΤ
345 2017 505 2052 mnus,—

20 2143 152 2194 Lounrnr
164 2139 198 2191 ad
212 2146 323 2206 pontem
335 2156 421 2207 prono
434 2156 497 2194 cum
509 2139 624 2193 labimur
635 2155 725 2200 amne,

59 2238 153 2298 Quam
167 2242 215 2287 tua
227 2235 272 2288 dat
284 2236 366 2288 turris
379 2236 467 2298 dulce,
485 2235 578 2298 Maria,
593 2234 697 2288 melosi

19 2333 61 2386 Ut
73 2338 169 2386 servat
177 2331 283 2400 justum
296 2333 396 2401 quavis
408 2348 537 2401 campana
549 2339 674 2386 tenorem
684 2329 691 2386 i

57 2430 174 2482 Pulsata
186 2434 217 2480 ut
229 2429 308 2482 variis
320 2429 465 2482 contremit
477 2445 543 2482 aura
554 2426 644 2482 sonisi

20 2525 83 2578 Nee
95 2539 183 2585 mora,
199 2539 250 2576 nec
262 2524 387 2592 requies;
407 2525 477 2592 ripas
489 2524 667 2578 concentibus
679 2523 781 2591 implet,

57 2621 212 2674 Alternans
223 2620 321 2674 hilares
332 2620 555 2689 ingeminansque
568 2619 649 2673 vices.

21 2717 89 2778 Quo
102 2715 190 2782 magis
202 2716 331 2778 abscedis,
346 2722 434 2770 tentat
445 2715 616 2768 numerosior
628 2730 721 2767 aurem

58 2811 186 2871 Musica;
207 2811 332 2864 letantur
344 2813 433 2873 corda,
448 2811 563 2879 salitque
569 2811 656 2878 jecur.

19 2912 99 2964 Talis
112 2910 146 2962 ab
158 2908 300 2962 harmonia
311 2908 398 2976 surgit
411 2907 528 2959 distante
540 2905 664 2972 voluptas
675 2926 682 2963 ;

58 3007 109 3060 Sin
123 3005 220 3058 turrim
233 3005 359 3066 introeas,
375 3002 465 3055 omnia
477 3002 587 3069 clangor
599 3000 659 3053 erit.
