1986 3398
434 116 629 152 vultusuultus.

185 253 247 306 'l'he
259 253 372 320 deepest
384 251 495 305 dumssk
507 251 538 304 oi
548 251 595 305 the
608 269 678 306 rose.

185 348 274 410 Then,
290 347 402 401 heedlul
414 347 444 400 oi
455 347 502 402 the
514 347 629 401 finished
643 348 737 410 whole,

186 443 262 496 With
274 443 383 496 sondest
397 458 540 510 eagerness
552 441 588 494 he
600 443 678 502 stole,

184 537 239 592 Till
249 554 340 591 source
353 536 464 590 himself
475 536 615 606 distinctly
626 536 706 590 knew

184 633 246 688 The
258 633 360 687 cherub
373 633 469 702 copied
480 633 550 686 from
564 633 612 687 the
623 639 694 686 true.

222 727 300 790 Now,
314 728 429 796 paimei,
444 744 522 781 cesse
534 726 540 780 l
560 727 611 796 thy
623 727 683 780 tasi
696 727 718 780 is
732 726 815 787 done,

184 823 264 892 Long
275 823 343 876 lives
356 823 410 876 this
422 823 510 891 image
519 821 550 874 of
560 823 610 892 thy
621 838 685 882 som

185 919 244 973 Nor
256 919 418 973 short-lived
430 918 498 971 shull
510 917 561 986 thy
571 916 651 987 glory
662 933 754 985 prove,

187 1017 227 1071 Or
239 1017 271 1070 of
280 1016 330 1085 thy
342 1016 437 1070 lubour
450 1032 481 1068 or
493 1015 543 1084 thy
555 1013 626 1067 love.

340 1613 354 1624 -
389 1581 673 1637 VERULAMIUM.

134 1751 198 1812 Qui
207 1751 288 1820 juxta
303 1749 401 1804 Albani
410 1749 519 1818 divique
533 1757 560 1802 et
572 1749 698 1819 martyris
708 1749 778 1802 aedes

169 1844 349 1912 Humphredo
363 1850 453 1897 servat
466 1844 501 1896 de
514 1844 584 1897 duce
596 1844 670 1912 quod
682 1851 825 1911 superest;

133 1940 205 1994 Urbs
218 1941 312 2001 stabat,
328 1939 466 2008 quondam
478 1937 607 2006 insignis;
627 1955 702 1992 nuuc
714 1956 778 1992 arva
789 1955 935 2009 segesque‚

170 2040 269 2093 Abdita
281 2056 355 2092 nunc
366 2039 434 2108 ipso,
449 2056 546 2101 mersa,
561 2038 668 2106 sepulta
680 2039 748 2091 solo.

134 2136 197 2197 Quo
206 2135 264 2204 jam
277 2151 418 2189 murorum
430 2135 529 2188 turrita
540 2135 667 2202 superbia
679 2135 759 2188 cessit
771 2133 777 2187 !

169 2233 243 2294 Quid
255 2233 306 2287 sibi
313 2233 370 2303 jam
380 2235 524 2305 reliquum,
539 2237 604 2304 quid
618 2236 669 2288 nisi
681 2251 791 2296 nomen,
806 2231 906 2288 habetl
986 2309 987 2312 Ἴ

133 2333 180 2385 Nil
191 2332 243 2386 nisi
255 2349 356 2386 nomen
369 2334 535 2388 habet-sed
548 2341 576 2388 et
588 2335 663 2388 omni
676 2333 807 2388 illustrius
820 2334 900 2396 urbe,

169 2428 306 2496 Nullaque
318 2445 373 2497 quo
386 2429 471 2498 major
483 2431 576 2499 gloria,
592 2446 692 2483 nomen
704 2431 796 2483 habet.

132 2524 228 2579 Restat
237 2526 334 2588 adhuc,
350 2527 461 2580 restabit
473 2527 562 2580 adhuc
575 2543 623 2595 per
635 2527 733 2580 saecula
743 2526 834 2595 longe,

169 2621 288 2674 Nomine
302 2621 405 2675 Baeoni
414 2621 554 2675 nobilitata
567 2622 628 2675 sui:

134 2716 209 2778 Quae,
225 2732 288 2770 cum
301 2716 410 2770 desierit
423 2717 595 2771 Verulamius
608 2717 653 2770 ille
666 2718 764 2780 vocari,

168 2811 214 2864 Nil
227 2811 278 2865 nisi
291 2829 364 2865 nunc
377 2829 486 2873 nomen,
502 2820 568 2866 tunc
582 2829 672 2880 neque
685 2823 785 2866 nomen
802 2813 862 2866 erit.
