2002 3400
235 149 556 195 sustenementum
578 149 638 186 rec.
783 135 838 189 27³

38 289 171 344 Solvimur
183 289 212 341 in
224 289 370 358 lacrymum
391 295 419 342 et
431 287 520 340 inania
532 303 647 340 munere
659 302 754 340 versus

74 386 117 439 Ad
129 385 266 439 tumulum
279 385 378 453 sparsis
389 384 443 438 fert
456 384 568 452 Elegeia
581 383 674 436 comis.

38 482 165 544 Aldricio,
177 482 277 534 debent
289 482 334 535 cui
347 497 461 534 munere
472 487 548 533 tenta
557 492 692 540 cemoenae‚

73 577 134 632 Hoc
146 577 282 640 tribuisse,
296 594 392 646 parum
405 585 462 636 est;
493 593 549 629 non
562 574 697 636 tribuisse,
712 573 809 628 scelus.

36 891 168 944 Pourrur
181 891 209 942 in
221 890 302 943 busto
315 889 338 943 si
350 888 460 957 quando
472 889 569 942 nobilis
584 887 677 952 Indus,

72 985 195 1039 Exornat
207 985 311 1037 tristem
325 999 403 1036 merx
415 983 533 1051 pretiosa
546 1000 650 1053 pyram.

37 1082 82 1136 Tu
96 1087 198 1142 tecum,
216 1079 326 1141 Aldrici,
341 1079 453 1131 mandas
465 1086 514 1130 tua
525 1078 623 1145 scriptu
635 1077 763 1131 cremarir

73 1168 138 1221 Non
150 1167 203 1220 aiio
215 1166 324 1220 fuerant
337 1167 419 1235 digna
430 1167 519 1236 perire
531 1182 606 1234 rogo.

39 1502 112 1564 Qum
125 1517 223 1555 suaves
238 1502 360 1555 Arabum
373 1501 498 1590 uolucres
511 1501 575 1554 colit
584 1501 665 1556 unies
673 1509 768 1563 terres,

75 1597 147 1651 Cum
156 1597 213 1664 jam
227 1596 265 1649 illi
279 1596 369 1649 Parcae
381 1595 426 1649 iila
438 1611 563 1663 suprema
575 1597 678 1665 legunt,

39 1693 136 1747 Thure
148 1692 229 1745 struit
239 1692 343 1754 nidum,
359 1698 386 1744 et
398 1692 486 1744 multo
498 1709 528 1745 se
541 1700 695 1745 concremat
708 1693 787 1762 igne;

74 1789 206 1856 Dumque
218 1789 315 1842 ardent
327 1788 440 1850 cineres,
455 1789 539 1841 altere
551 1790 637 1857 surgit
649 1790 715 1842 avis.

37 1883 155 1938 Funeris
168 1890 210 1936 est
222 1883 311 1951 dispar
320 1882 369 1936 tibi
381 1883 475 1944 iatum,
494 1883 612 1945 Aldrice‚
627 1884 782 1937 secundum

77 1982 142 2034 Non
156 1981 236 2034 datur
248 1995 264 2032 e
276 1979 357 2032 busto
370 1994 483 2046 surgere
495 1993 575 2046 posse
587 1986 646 2032 tuo.

392 2177 498 2193 ἡ

139 2331 265 2368 rutum
283 2331 453 2369 cutbertum
473 2330 529 2367 NON
549 2330 599 2367 RES
616 2330 748 2366 OPEROSA.

39 2485 111 2539 Duri
126 2485 242 2539 mentitu
253 2500 350 2553 genus,
364 2482 510 2551 cultusque
522 2483 619 2537 indutu
630 2483 729 2544 viriles,

77 2582 236 2636 Romanurn
248 2581 333 2650 gessit
346 2581 419 2648 Papa
430 2580 447 2633 J
449 2597 537 2634 oaunu
548 2583 649 2648 pedum
660 2602 666 2640 ς

41 2679 185 2733 Femineae
199 2679 288 2732 fraudi
300 2694 367 2746 grex
379 2694 409 2732 se
421 2678 556 2732 commisit
568 2678 685 2745 ineptus,

79 2777 175 2846 Atque
188 2777 232 2843 pie
244 2791 340 2829 verum
352 2775 466 2828 credidit
478 2791 538 2828 esse
550 2791 654 2828 senem.

41 2873 152 2928 Pastori
164 2872 279 2926 nimium
292 2879 331 2934 tu,
348 2871 444 2933 Roma,
459 2871 515 2924 heu
527 2871 651 2933 creduim
672 2887 797 2942 namque,

79 2970 110 3024 Si
122 2975 242 3038 nequeat
254 2967 318 3032 iulii,
332 2967 426 3022 fallere
440 2965 514 3036 Papa
525 2974 624 3036 potest.
