<?xml version="1.0" encoding="UTF-8"?>
<!DOCTYPE html PUBLIC "-//W3C//DTD XHTML 1.0 Transitional//EN"
    "http://www.w3.org/TR/xhtml1/DTD/xhtml1-transitional.dtd">
<html xmlns="http://www.w3.org/1999/xhtml" xml:lang="en" lang="en">
 <head>
  <title>
</title>
<meta http-equiv="Content-Type" content="text/html;charset=utf-8" />
  <meta name='ocr-system' content='tesseract 3.04.00' />
  <meta name='ocr-capabilities' content='ocr_page ocr_carea ocr_par ocr_line ocrx_word'/>
</head>
<body>
  <div class='ocr_page' id='page_1' title='image "./poeticalworksla01bourgoog_0234.png"; bbox 0 0 1986 3398; ppageno 0'>
   <div class='ocr_carea' id='block_1_1' title="bbox 176 139 709 190">
    <p class='ocr_par' dir='ltr' id='par_1_1' title="bbox 176 139 709 190">
     <span class='ocr_line' id='line_1_1' title="bbox 176 139 709 190; baseline 0.008 -4"><span class='ocrx_word' id='word_1_1' title='bbox 176 139 227 188; x_wconf 79' lang='lat'><strong>214</strong></span> <span class='ocrx_word' id='word_1_2' title='bbox 448 153 537 188; x_wconf 75' lang='lat' dir='ltr'><strong>cnoro</strong></span> <span class='ocrx_word' id='word_1_3' title='bbox 557 154 709 190; x_wconf 74' lang='lat' dir='ltr'><strong>nnprnron.</strong></span> 
     </span>
    </p>
   </div>
   <div class='ocr_carea' id='block_1_2' title="bbox 176 287 982 1222">
    <p class='ocr_par' dir='ltr' id='par_1_2' title="bbox 177 287 852 458">
     <span class='ocr_line' id='line_1_2' title="bbox 177 287 852 360; baseline 0.01 -21"><span class='ocrx_word' id='word_1_4' title='bbox 177 287 226 340; x_wconf 80' lang='lat' dir='ltr'><strong>list</strong></span> <span class='ocrx_word' id='word_1_5' title='bbox 238 289 265 340; x_wconf 92' lang='lat' dir='ltr'><strong>in</strong></span> <span class='ocrx_word' id='word_1_6' title='bbox 280 298 436 358; x_wconf 85' lang='lat' dir='ltr'><strong>conspectu,</strong></span> <span class='ocrx_word' id='word_1_7' title='bbox 452 291 500 360; x_wconf 91' lang='lat' dir='ltr'><strong>qui</strong></span> <span class='ocrx_word' id='word_1_8' title='bbox 513 291 594 344; x_wconf 84' lang='lat' dir='ltr'><strong>millia</strong></span> <span class='ocrx_word' id='word_1_9' title='bbox 605 298 746 360; x_wconf 79' lang='lat' dir='ltr'><strong>computat</strong></span> <span class='ocrx_word' id='word_1_10' title='bbox 758 293 852 354; x_wconf 86' lang='lat' dir='ltr'><strong>index,</strong></span> 
     </span>
     <span class='ocr_line' id='line_1_3' title="bbox 212 383 762 458; baseline 0.011 -22"><span class='ocrx_word' id='word_1_11' title='bbox 212 383 248 437; x_wconf 84' lang='lat' dir='ltr'><strong>Et</strong></span> <span class='ocrx_word' id='word_1_12' title='bbox 261 396 394 446; x_wconf 81' lang='lat' dir='ltr'><strong>numeret,</strong></span> <span class='ocrx_word' id='word_1_13' title='bbox 409 399 511 458; x_wconf 83' lang='lat' dir='ltr'><strong>quanto</strong></span> <span class='ocrx_word' id='word_1_14' title='bbox 524 389 690 441; x_wconf 81' lang='lat' dir='ltr'>diminuatur</span> <span class='ocrx_word' id='word_1_15' title='bbox 702 389 762 442; x_wconf 86' lang='lat' dir='ltr'><strong>iter.</strong></span> 
     </span>
    </p>

    <p class='ocr_par' dir='ltr' id='par_1_3' title="bbox 178 479 901 646">
     <span class='ocr_line' id='line_1_4' title="bbox 178 479 901 552; baseline 0.006 -20"><span class='ocrx_word' id='word_1_16' title='bbox 178 479 261 534; x_wconf 88' lang='lat' dir='ltr'><strong>Hunc</strong></span> <span class='ocrx_word' id='word_1_17' title='bbox 274 490 449 548; x_wconf 70' lang='lat' dir='ltr'><strong>praetervecto</strong></span> <span class='ocrx_word' id='word_1_18' title='bbox 462 485 587 551; x_wconf 81' lang='lat' dir='ltr'><strong>lapidem,</strong></span> <span class='ocrx_word' id='word_1_19' title='bbox 602 485 649 552; x_wconf 92' lang='lat' dir='ltr'><strong>qui</strong></span> <span class='ocrx_word' id='word_1_20' title='bbox 660 486 801 552; x_wconf 88' lang='lat' dir='ltr'><strong>proximus</strong></span> <span class='ocrx_word' id='word_1_21' title='bbox 813 485 901 544; x_wconf 82' lang='lat' dir='ltr'><strong>instat,</strong></span> 
     </span>
     <span class='ocr_line' id='line_1_5' title="bbox 214 574 672 646; baseline 0.011 -19"><span class='ocrx_word' id='word_1_22' title='bbox 214 574 298 629; x_wconf 79' lang='lat' dir='ltr'><strong>Miltia</strong></span> <span class='ocrx_word' id='word_1_23' title='bbox 310 577 425 645; x_wconf 81' lang='lat' dir='ltr'><strong>signabit</strong></span> <span class='ocrx_word' id='word_1_24' title='bbox 438 579 597 646; x_wconf 86' lang='lat' dir='ltr'><strong>praeteriisse</strong></span> <span class='ocrx_word' id='word_1_25' title='bbox 609 580 672 634; x_wconf 89' lang='lat' dir='ltr'><strong>dno.</strong></span> 
     </span>
    </p>

    <p class='ocr_par' dir='ltr' id='par_1_4' title="bbox 176 669 841 837">
     <span class='ocr_line' id='line_1_6' title="bbox 176 669 841 741; baseline 0.008 -19"><span class='ocrx_word' id='word_1_26' title='bbox 176 669 228 723; x_wconf 77' lang='lat' dir='ltr'><strong>vix</strong></span> <span class='ocrx_word' id='word_1_27' title='bbox 241 688 257 724; x_wconf 91' lang='lat' dir='ltr'><strong>e</strong></span> <span class='ocrx_word' id='word_1_28' title='bbox 268 682 425 741; x_wconf 88' lang='lat' dir='ltr'><strong>conspectu,</strong></span> <span class='ocrx_word' id='word_1_29' title='bbox 441 675 486 726; x_wconf 89' lang='lat' dir='ltr'><strong>vix</strong></span> <span class='ocrx_word' id='word_1_30' title='bbox 498 691 559 728; x_wconf 90' lang='lat' dir='ltr'><strong>sese</strong></span> <span class='ocrx_word' id='word_1_31' title='bbox 572 676 619 728; x_wconf 89' lang='lat' dir='ltr'><strong>ubi</strong></span> <span class='ocrx_word' id='word_1_32' title='bbox 629 677 774 728; x_wconf 79' lang='lat' dir='ltr'>submovet</span> <span class='ocrx_word' id='word_1_33' title='bbox 786 674 841 737; x_wconf 87' lang='lat' dir='ltr'><strong>ille,</strong></span> 
     </span>
     <span class='ocr_line' id='line_1_7' title="bbox 214 769 826 837; baseline -0.003 -15"><span class='ocrx_word' id='word_1_34' title='bbox 214 769 317 822; x_wconf 84' lang='lat' dir='ltr'><strong>Ordine</strong></span> <span class='ocrx_word' id='word_1_35' title='bbox 329 770 376 837; x_wconf 90' lang='lat' dir='ltr'><strong>qui</strong></span> <span class='ocrx_word' id='word_1_36' title='bbox 388 771 512 832; x_wconf 84' lang='lat' dir='ltr'><strong>subeant,</strong></span> <span class='ocrx_word' id='word_1_37' title='bbox 528 771 595 823; x_wconf 83' lang='lat' dir='ltr'><strong>alter</strong></span> <span class='ocrx_word' id='word_1_38' title='bbox 608 778 636 824; x_wconf 89' lang='lat' dir='ltr'><strong>et</strong></span> <span class='ocrx_word' id='word_1_39' title='bbox 648 770 715 823; x_wconf 85' lang='lat' dir='ltr'><strong>alter</strong></span> <span class='ocrx_word' id='word_1_40' title='bbox 727 775 826 823; x_wconf 87' lang='lat' dir='ltr'><strong>erunt:</strong></span> 
     </span>
    </p>

    <p class='ocr_par' dir='ltr' id='par_1_5' title="bbox 178 859 982 1030">
     <span class='ocr_line' id='line_1_8' title="bbox 178 859 982 936; baseline 0.004 -20"><span class='ocrx_word' id='word_1_41' title='bbox 178 862 296 926; x_wconf 83' lang='lat' dir='ltr'><strong>Tertius,</strong></span> <span class='ocrx_word' id='word_1_42' title='bbox 309 871 337 917; x_wconf 88' lang='lat' dir='ltr'><strong>et</strong></span> <span class='ocrx_word' id='word_1_43' title='bbox 346 867 661 936; x_wconf 82' lang='lat' dir='ltr'><strong>quartus-quintusque</strong></span> <span class='ocrx_word' id='word_1_44' title='bbox 670 866 742 919; x_wconf 83' lang='lat' dir='ltr'><strong>haud</strong></span> <span class='ocrx_word' id='word_1_45' title='bbox 750 865 861 918; x_wconf 82' lang='lat' dir='ltr'><strong>conficit</strong></span> <span class='ocrx_word' id='word_1_46' title='bbox 870 865 960 919; x_wconf 79' lang='lat' dir='ltr'><strong>horam:</strong></span> <span class='ocrx_word' id='word_1_47' title='bbox 981 859 982 864; x_wconf 59' lang='grc'>’</span> 
     </span>
     <span class='ocr_line' id='line_1_9' title="bbox 214 958 807 1030; baseline 0.007 -20"><span class='ocrx_word' id='word_1_48' title='bbox 214 958 282 1011; x_wconf 81' lang='lat' dir='ltr'><strong>Tam</strong></span> <span class='ocrx_word' id='word_1_49' title='bbox 295 960 399 1027; x_wconf 80' lang='lat' dir='ltr'><strong>placido</strong></span> <span class='ocrx_word' id='word_1_50' title='bbox 411 968 529 1030; x_wconf 85' lang='lat' dir='ltr'><strong>pergunt</strong></span> <span class='ocrx_word' id='word_1_51' title='bbox 542 978 629 1030; x_wconf 89' lang='lat' dir='ltr'><strong>usque</strong></span> <span class='ocrx_word' id='word_1_52' title='bbox 641 969 737 1014; x_wconf 87' lang='lat' dir='ltr'><strong>tenore</strong></span> <span class='ocrx_word' id='word_1_53' title='bbox 750 961 807 1014; x_wconf 81' lang='lat' dir='ltr'><strong>viae.</strong></span> 
     </span>
    </p>

    <p class='ocr_par' dir='ltr' id='par_1_6' title="bbox 178 1054 798 1222">
     <span class='ocr_line' id='line_1_10' title="bbox 178 1054 754 1125; baseline 0.005 -18"><span class='ocrx_word' id='word_1_54' title='bbox 178 1054 280 1124; x_wconf 84' lang='lat' dir='ltr'><strong>Ignotae</strong></span> <span class='ocrx_word' id='word_1_55' title='bbox 292 1063 398 1110; x_wconf 81' lang='lat' dir='ltr'><strong>tantum</strong></span> <span class='ocrx_word' id='word_1_56' title='bbox 411 1063 518 1125; x_wconf 81' lang='lat' dir='ltr'><strong>praestat</strong></span> <span class='ocrx_word' id='word_1_57' title='bbox 531 1058 659 1110; x_wconf 79' lang='lat' dir='ltr'><strong>distantia</strong></span> <span class='ocrx_word' id='word_1_58' title='bbox 671 1064 754 1116; x_wconf 81' lang='lat' dir='ltr'><strong>nota;</strong></span> 
     </span>
     <span class='ocr_line' id='line_1_11' title="bbox 215 1151 798 1222; baseline 0 -18"><span class='ocrx_word' id='word_1_59' title='bbox 215 1151 299 1205; x_wconf 83' lang='lat' dir='ltr'><strong>Millie</strong></span> <span class='ocrx_word' id='word_1_60' title='bbox 311 1167 370 1222; x_wconf 84' lang='lat' dir='ltr'><strong>quae</strong></span> <span class='ocrx_word' id='word_1_61' title='bbox 383 1153 470 1206; x_wconf 84' lang='lat' dir='ltr'><strong>reddit</strong></span> <span class='ocrx_word' id='word_1_62' title='bbox 483 1153 569 1220; x_wconf 84' lang='lat' dir='ltr'><strong>plura,</strong></span> <span class='ocrx_word' id='word_1_63' title='bbox 583 1153 727 1221; x_wconf 84' lang='lat' dir='ltr'><strong>minusque</strong></span> <span class='ocrx_word' id='word_1_64' title='bbox 737 1151 798 1206; x_wconf 83' lang='lat' dir='ltr'><strong>viae.</strong></span> 
     </span>
    </p>
   </div>
   <div class='ocr_carea' id='block_1_3' title="bbox 382 1885 763 1939">
    <p class='ocr_par' dir='ltr' id='par_1_7' title="bbox 382 1885 763 1939">
     <span class='ocr_line' id='line_1_12' title="bbox 382 1885 763 1939; baseline -0.003 -1"><span class='ocrx_word' id='word_1_65' title='bbox 382 1885 515 1939; x_wconf 81' lang='lat' dir='ltr'>CAUPO</span> <span class='ocrx_word' id='word_1_66' title='bbox 539 1885 763 1939; x_wconf 82' lang='lat' dir='ltr'>MEDIATOR.</span> 
     </span>
    </p>
   </div>
   <div class='ocr_carea' id='block_1_4' title="bbox 177 2106 876 2366">
    <p class='ocr_par' dir='ltr' id='par_1_8' title="bbox 177 2106 876 2366">
     <span class='ocr_line' id='line_1_13' title="bbox 178 2106 737 2166; baseline -0.002 -7"><span class='ocrx_word' id='word_1_67' title='bbox 178 2106 234 2159; x_wconf 71' lang='lat' dir='ltr'><strong>Suu</strong></span> <span class='ocrx_word' id='word_1_68' title='bbox 246 2106 279 2160; x_wconf 89' lang='lat' dir='ltr'><strong>lis</strong></span> <span class='ocrx_word' id='word_1_69' title='bbox 292 2107 416 2160; x_wconf 88' lang='lat' dir='ltr'><strong>inciderit</strong></span> <span class='ocrx_word' id='word_1_70' title='bbox 428 2107 565 2160; x_wconf 82' lang='lat' dir='ltr'><strong>muliebris</strong></span> <span class='ocrx_word' id='word_1_71' title='bbox 577 2107 634 2160; x_wconf 88' lang='lat' dir='ltr'><strong>sive</strong></span> <span class='ocrx_word' id='word_1_72' title='bbox 647 2106 737 2166; x_wconf 84' lang='lat' dir='ltr'><strong>virilis,</strong></span> 
     </span>
     <span class='ocr_line' id='line_1_14' title="bbox 213 2201 746 2271; baseline -0.006 -15"><span class='ocrx_word' id='word_1_73' title='bbox 213 2201 307 2270; x_wconf 85' lang='lat' dir='ltr'><strong>Caupo</strong></span> <span class='ocrx_word' id='word_1_74' title='bbox 320 2203 409 2256; x_wconf 81' lang='lat' dir='ltr'><strong>statim</strong></span> <span class='ocrx_word' id='word_1_75' title='bbox 422 2204 485 2256; x_wconf 85' lang='lat' dir='ltr'><strong>rixae</strong></span> <span class='ocrx_word' id='word_1_76' title='bbox 497 2203 649 2271; x_wconf 78' lang='lat' dir='ltr'><strong>pacificator</strong></span> <span class='ocrx_word' id='word_1_77' title='bbox 661 2203 746 2255; x_wconf 85' lang='lat' dir='ltr'><strong>adest.</strong></span> 
     </span>
     <span class='ocr_line' id='line_1_15' title="bbox 177 2297 876 2366; baseline 0.001 -17"><span class='ocrx_word' id='word_1_78' title='bbox 177 2297 226 2351; x_wconf 89' lang='lat' dir='ltr'><strong>llle</strong></span> <span class='ocrx_word' id='word_1_79' title='bbox 238 2298 414 2366; x_wconf 85' lang='lat' dir='ltr'><strong>interponens</strong></span> <span class='ocrx_word' id='word_1_80' title='bbox 426 2315 494 2361; x_wconf 86' lang='lat' dir='ltr'><strong>sese,</strong></span> <span class='ocrx_word' id='word_1_81' title='bbox 513 2306 530 2328; x_wconf 81' lang='lat'><strong>‘⁸</strong></span> <span class='ocrx_word' id='word_1_82' title='bbox 544 2298 640 2352; x_wconf 85' lang='lat' dir='ltr'><strong>Pacem</strong></span> <span class='ocrx_word' id='word_1_83' title='bbox 654 2298 757 2366; x_wconf 88' lang='lat' dir='ltr'><strong>impero</strong></span> <span class='ocrx_word' id='word_1_84' title='bbox 770 2297 876 2356; x_wconf 62' lang='lat' dir='ltr'><strong>vobis:</strong></span> 
     </span>
    </p>
   </div>
   <div class='ocr_carea' id='block_1_5' title="bbox 177 2394 883 3030">
    <p class='ocr_par' dir='ltr' id='par_1_9' title="bbox 177 2394 883 3030">
     <span class='ocr_line' id='line_1_16' title="bbox 214 2394 846 2465; baseline -0.003 -18"><span class='ocrx_word' id='word_1_85' title='bbox 214 2394 313 2465; x_wconf 83' lang='lat' dir='ltr'><strong>lnquit,</strong></span> <span class='ocrx_word' id='word_1_86' title='bbox 328 2396 416 2449; x_wconf 88' lang='lat' dir='ltr'><strong>“etin</strong></span> <span class='ocrx_word' id='word_1_87' title='bbox 432 2396 501 2464; x_wconf 89' lang='lat' dir='ltr'><strong>regis</strong></span> <span class='ocrx_word' id='word_1_88' title='bbox 514 2396 624 2448; x_wconf 91' lang='lat' dir='ltr'><strong>nornine</strong></span> <span class='ocrx_word' id='word_1_89' title='bbox 635 2409 726 2463; x_wconf 85' lang='lat' dir='ltr'><strong>poseo,</strong></span> <span class='ocrx_word' id='word_1_90' title='bbox 742 2410 809 2462; x_wconf 80' lang='lat' dir='ltr'><strong>rogo</strong></span> <span class='ocrx_word' id='word_1_91' title='bbox 820 2394 846 2445; x_wconf 83' lang='lat'><strong>:’&#39;</strong></span> 
     </span>
     <span class='ocr_line' id='line_1_17' title="bbox 177 2488 859 2562; baseline -0.009 -16"><span class='ocrx_word' id='word_1_92' title='bbox 177 2493 315 2562; x_wconf 85' lang='lat' dir='ltr'><strong>Praecipue</strong></span> <span class='ocrx_word' id='word_1_93' title='bbox 327 2498 432 2552; x_wconf 79' lang='lat' dir='ltr'><strong>cautus,</strong></span> <span class='ocrx_word' id='word_1_94' title='bbox 447 2507 482 2544; x_wconf 91' lang='lat' dir='ltr'><strong>ne</strong></span> <span class='ocrx_word' id='word_1_95' title='bbox 495 2492 577 2543; x_wconf 85' lang='lat' dir='ltr'><strong>verba</strong></span> <span class='ocrx_word' id='word_1_96' title='bbox 588 2491 616 2543; x_wconf 91' lang='lat' dir='ltr'><strong>in</strong></span> <span class='ocrx_word' id='word_1_97' title='bbox 630 2492 741 2543; x_wconf 78' lang='lat' dir='ltr'><strong>verbere</strong></span> <span class='ocrx_word' id='word_1_98' title='bbox 751 2488 859 2548; x_wconf 82' lang='lat' dir='ltr'><strong>cedant,</strong></span> 
     </span>
     <span class='ocr_line' id='line_1_18' title="bbox 212 2585 871 2658; baseline -0.014 -15"><span class='ocrx_word' id='word_1_99' title='bbox 212 2587 333 2658; x_wconf 83' lang='lat' dir='ltr'><strong>Respicit</strong></span> <span class='ocrx_word' id='word_1_100' title='bbox 344 2587 407 2640; x_wconf 87' lang='lat' dir='ltr'><strong>hine</strong></span> <span class='ocrx_word' id='word_1_101' title='bbox 420 2586 551 2654; x_wconf 83' lang='lat' dir='ltr'><strong>pugilum,</strong></span> <span class='ocrx_word' id='word_1_102' title='bbox 566 2585 675 2654; x_wconf 83' lang='lat' dir='ltr'><strong>respicit</strong></span> <span class='ocrx_word' id='word_1_103' title='bbox 688 2585 751 2637; x_wconf 88' lang='lat' dir='ltr'><strong>inde</strong></span> <span class='ocrx_word' id='word_1_104' title='bbox 764 2599 871 2636; x_wconf 80' lang='lat' dir='ltr'><strong>manus.</strong></span> 
     </span>
     <span class='ocr_line' id='line_1_19' title="bbox 178 2680 883 2753; baseline -0.01 -14"><span class='ocrx_word' id='word_1_105' title='bbox 178 2686 241 2738; x_wconf 85' lang='lat' dir='ltr'><strong>Neu</strong></span> <span class='ocrx_word' id='word_1_106' title='bbox 253 2686 323 2739; x_wconf 88' lang='lat' dir='ltr'><strong>desit</strong></span> <span class='ocrx_word' id='word_1_107' title='bbox 335 2683 489 2753; x_wconf 79' lang='lat' dir='ltr'><strong>quidquam,</strong></span> <span class='ocrx_word' id='word_1_108' title='bbox 505 2690 637 2753; x_wconf 81' lang='lat' dir='ltr'><strong>quantum</strong></span> <span class='ocrx_word' id='word_1_109' title='bbox 650 2680 776 2734; x_wconf 79' lang='lat' dir='ltr'><strong>facundie</strong></span> <span class='ocrx_word' id='word_1_110' title='bbox 786 2680 883 2747; x_wconf 87' lang='lat' dir='ltr'><strong>possit,</strong></span> 
     </span>
     <span class='ocr_line' id='line_1_20' title="bbox 213 2778 832 2845; baseline -0.002 -14"><span class='ocrx_word' id='word_1_111' title='bbox 213 2781 321 2840; x_wconf 80' lang='lat' dir='ltr'><strong>Tentat,</strong></span> <span class='ocrx_word' id='word_1_112' title='bbox 338 2787 365 2831; x_wconf 83' lang='lat' dir='ltr'><strong>et</strong></span> <span class='ocrx_word' id='word_1_113' title='bbox 378 2779 425 2832; x_wconf 74' lang='lat' dir='ltr'><strong>hes</strong></span> <span class='ocrx_word' id='word_1_114' title='bbox 438 2796 520 2832; x_wconf 86' lang='lat' dir='ltr'><strong>voces</strong></span> <span class='ocrx_word' id='word_1_115' title='bbox 532 2779 606 2831; x_wconf 84' lang='lat' dir='ltr'><strong>addit</strong></span> <span class='ocrx_word' id='word_1_116' title='bbox 619 2785 646 2830; x_wconf 92' lang='lat' dir='ltr'><strong>et</strong></span> <span class='ocrx_word' id='word_1_117' title='bbox 659 2778 734 2830; x_wconf 91' lang='lat' dir='ltr'><strong>hisce</strong></span> <span class='ocrx_word' id='word_1_118' title='bbox 746 2794 832 2845; x_wconf 81' lang='lat' dir='ltr'><strong>pares.</strong></span> 
     </span>
     <span class='ocr_line' id='line_1_21' title="bbox 177 2870 873 2940; baseline 0.006 -20"><span class='ocrx_word' id='word_1_119' title='bbox 177 2878 194 2899; x_wconf 81' lang='lat'><strong>⁴·</strong></span> <span class='ocrx_word' id='word_1_120' title='bbox 206 2870 306 2922; x_wconf 82' lang='lat' dir='ltr'><strong>Tollite</strong></span> <span class='ocrx_word' id='word_1_121' title='bbox 318 2873 464 2924; x_wconf 81' lang='lat' dir='ltr'><strong>barbariem</strong></span> <span class='ocrx_word' id='word_1_122' title='bbox 475 2893 482 2929; x_wconf 90' lang='lat'>;</span> <span class='ocrx_word' id='word_1_123' title='bbox 503 2872 584 2923; x_wconf 83' lang='lat' dir='ltr'><strong>vicini</strong></span> <span class='ocrx_word' id='word_1_124' title='bbox 593 2878 689 2932; x_wconf 85' lang='lat' dir='ltr'><strong>estote,</strong></span> <span class='ocrx_word' id='word_1_125' title='bbox 702 2873 776 2940; x_wconf 89' lang='lat' dir='ltr'><strong>quod</strong></span> <span class='ocrx_word' id='word_1_126' title='bbox 789 2873 873 2926; x_wconf 85' lang='lat' dir='ltr'><strong>estis:</strong></span> 
     </span>
     <span class='ocr_line' id='line_1_22' title="bbox 213 2964 714 3030; baseline 0.014 -17"><span class='ocrx_word' id='word_1_127' title='bbox 213 2964 337 3014; x_wconf 87' lang='lat' dir='ltr'><strong>lmbelles</strong></span> <span class='ocrx_word' id='word_1_128' title='bbox 350 2966 453 3016; x_wconf 80' lang='lat' dir='ltr'><strong>animos</strong></span> <span class='ocrx_word' id='word_1_129' title='bbox 466 2967 552 3030; x_wconf 80' lang='lat' dir='ltr'><strong>arguit</strong></span> <span class='ocrx_word' id='word_1_130' title='bbox 567 2968 618 3018; x_wconf 81' lang='lat' dir='ltr'><strong>iste</strong></span> <span class='ocrx_word' id='word_1_131' title='bbox 630 2968 714 3020; x_wconf 76' lang='lat' dir='ltr'><strong>furor.</strong></span> 
     </span>
    </p>
   </div>
   <div class='ocr_carea' id='block_1_6' title="bbox 0 0 999 3398">
    <p class='ocr_par' dir='ltr' id='par_1_10' title="bbox 0 0 999 3398">
     <span class='ocr_line' id='line_1_23' title="bbox 0 0 999 3398; baseline 0 0"><span class='ocrx_word' id='word_1_132' title='bbox 0 0 999 3398; x_wconf 95' lang='lat' dir='ltr'><strong> </strong></span> 
     </span>
    </p>
   </div>
  </div>
 </body>
</html>
