2002 3400
418 177 468 224 291

121 345 209 381 nuncu
229 343 263 380 su
282 343 413 380 usconuu
433 343 482 379 usn
502 343 553 378 uuo
573 343 676 378 rursm
696 345 774 381 mont.

43 481 90 534 Ur
103 480 171 534 vidit
182 481 286 534 laceros
299 481 350 534 sibi
363 488 490 534 constans
504 480 627 550 Regulus
639 489 722 544 artus,

80 575 117 628 Et
129 577 250 630 membre
262 576 379 644 indignis
392 577 537 630 dilacerata
549 577 651 638 modis;

43 673 169 727 Membra
181 672 255 736 mihi,
272 672 416 740 thsgo,
431 673 528 740 inquit,
543 673 687 726 lacerando
700 674 844 743 triumpha,

80 768 134 821 llic
146 768 220 830 mihi,
236 768 310 834 quod
321 768 423 820 luceres
437 768 564 830 membra,
580 768 735 837 triumphus
748 770 807 824 erit.

43 865 70 917 A
83 871 113 917 te
125 865 199 932 quod
211 864 297 918 cecidi
309 863 427 917 multum
440 864 531 917 laetere
538 885 545 924 ;
566 865 615 918 sed
627 866 684 934 ipse

80 958 147 1012 Plus
160 959 234 1012 laetor
247 958 340 1026 patriae
355 974 398 1010 me
411 958 540 1012 cecidisse
553 976 626 1019 mee.

393 1155 500 1168 m

139 1303 227 1339 suevit
247 1303 296 1338 EST
315 1304 351 1339 EX
372 1304 469 1340 MAGNO
489 1304 613 1340 TOLLERB
635 1304 750 1340 Acunvo.

41 1438 192 1492 Pnrcrours
206 1440 313 1508 quoties
326 1441 442 1496 redeunt
455 1442 587 1506 convivis,
602 1443 685 1512 longo

81 1534 186 1586 Ordine
198 1551 246 1602 per
258 1551 365 1589 mensus
377 1535 480 1590 fercula
490 1538 569 1605 plura
580 1538 678 1592 nitent.

40 1629 102 1682 Cur
115 1629 156 1682 his
169 1630 304 1683 accumbit
316 1631 382 1684 civis
395 1638 449 1686 tem
462 1632 558 1688 laetus?
577 1650 611 1686 sn
624 1634 663 1686 illi

81 1727 140 1778 Aut
152 1725 260 1788 lartum,
275 1733 322 1780 aut
335 1727 434 1781 desunt
448 1734 523 1797 terga
534 1730 633 1782 bovina
644 1730 739 1783 domi?

41 1823 82 1874 At
95 1821 203 1884 fruitur,
214 1823 295 1875 simul
307 1823 445 1878 oblectans
457 1824 607 1894 oculosque
618 1827 773 1896 gulamque,

82 1918 160 1978 Quos
173 1925 201 1970 et
214 1919 276 1980 edit,
292 1933 360 1986 quos
374 1927 402 1972 et
413 1936 468 1972 non
483 1921 547 1982 edit,
563 1920 608 1974 ille
620 1921 694 1974 cibis.

165 2257 381 2294 -uuusurssuus
394 2258 552 2299 culcunouu
567 2259 674 2296 noum
688 2258 811 2295 vomet

113 2357 293 2394 VES'HHBNTA
305 2357 396 2393 usust·
409 2357 552 2394 Pusulosn.

38 2505 208 2557 'laesurum
219 2502 356 2558 invehitur
368 2504 488 2571 plaustro
502 2504 576 2556 rudis
588 2503 686 2571 hospes
699 2503 733 2556 ad
741 2504 845 2566 urbem,

77 2605 165 2657 Veste
176 2603 285 2666 decens,
300 2604 414 2672 simplex
426 2605 556 2666 moribus,
568 2621 616 2658 ore
629 2603 738 2657 rubens.

41 2701 124 2755 lianc
137 2715 207 2752 unus
219 2699 356 2767 excipiens
369 2699 505 2762 meretrix,
520 2701 592 2752 bona
603 2705 697 2760 meter,
713 2704 847 2766 agrestem

80 2796 191 2849 Mutare
204 2803 330 2848 ornatum
343 2794 524 2864 splendidiore
536 2801 619 2863 paret.

40 2893 69 2945 O
82 2891 181 2958 lugius,
195 2891 277 2959 longe
288 2891 375 2960 fugies
388 2891 491 2946 lellucie
503 2883 582 2952 donc,

82 2987 152 3048 Quae
164 2986 245 3040 simul
258 2987 385 3050 indueris,
403 2985 537 3055 Thestyli,
552 2993 611 3040 tote
623 2985 703 3055 peris,
