2002 3400
366 177 404 212 ua
423 177 523 214 uusro.
794 161 845 208 289

50 319 200 373 Hesternaa
213 335 276 372 cum
289 319 377 372 cultro
390 319 491 386 epulas,
507 323 535 370 et
546 316 645 384 pocula
657 316 760 383 poscit;

51 414 119 474 Qua
130 415 212 468 simul
224 415 344 477 ebiberit,
359 431 454 468 rursus
466 413 594 481 replenda
608 413 729 466 ministro

48 509 181 578 Porrigit;
204 508 247 563 hic
260 526 348 578 operae
359 527 415 563 uon
429 526 510 571 vanae,
526 508 675 576 alacrisque
686 507 785 560 laboris

47 605 180 659 Praeteriti
191 605 297 659 fructus
310 606 400 668 sumit,
417 605 570 673 Divamque
582 611 715 673 precatur,

47 703 163 756 Deficiat
174 703 271 770 placidi
284 709 314 756 ut
328 719 467 771 nunquam
479 703 551 756 bona
562 702 639 770 copia
651 701 743 754 musti.

47 797 102 851 Hic
114 798 204 852 senior
216 797 352 860 tubulum,
366 799 444 852 locus
456 805 498 851 est
510 814 564 866 que
574 797 714 865 proximus
726 796 790 865 igni,

46 893 109 947 Ore
121 910 228 962 gerens.
242 910 294 946 nec
307 899 421 948 ventum
433 893 530 950 hiemis
543 910 594 946 nee
606 892 706 962 frigora
717 894 800 946 sentit
814 915 820 944 ι

44 989 103 1042 Sed
115 989 200 1051 sedet,
215 996 242 1042 et
256 1005 362 1057 semper
374 1005 527 1042 memorans
539 1005 620 1056 quarn
632 990 748 1058 plurima
759 997 836 1059 gesta

42 1085 84 1138 Se
96 1100 191 1153 puero,
207 1085 242 1138 de
253 1092 330 1153 peste
342 1093 390 1138 aut
402 1085 437 1138 de
450 1085 572 1138 civilibus
584 1086 674 1148 armis,

45 1179 143 1248 Usque
155 1179 230 1242 bibit,
247 1179 340 1233 Cereri
351 1181 460 1248 longam
473 1180 609 1249 debetque
623 1188 769 1234 senectam.

43 1275 112 1328 Huc
124 1291 218 1328 secum
230 1275 376 1343 antiquam,
389 1276 495 1344 quoties
508 1276 577 1329 redit
589 1275 737 1344 Hesperus,
752 1293 845 1330 urnam

43 1370 112 1423 Fert
124 1387 201 1432 anus,
215 1370 279 1424 hinc
291 1377 367 1438 potat
380 1373 511 1425 morbose
523 1371 754 1433 oblitatseuectoe,

42 1466 121 1519 Hinc
133 1467 227 1519 alacris
240 1465 327 1534 posita
338 1483 403 1519 cura
415 1467 561 1520 meditatur
572 1483 678 1521 amores

44 1561 184 1623 Lascivos,
200 1568 227 1614 et
240 1577 300 1614 sese
312 1561 410 1614 iterum
423 1567 501 1629 putat
515 1578 575 1615 esse
586 1563 713 1632 puellam.

43 1656 99 1710 Hic
113 1656 215 1709 madidi
223 1657 341 1725 Juvenes
357 1657 485 1710 Hibernae
497 1665 620 1726 tempore
632 1659 720 1712 noctis

42 1752 120 1806 Dant
130 1753 326 1820 incompositos
338 1760 430 1806 motus
443 1761 470 1806 et
482 1755 601 1808 carmina
613 1755 715 1816 dicunt,

42 1851 105 1901 Aut
117 1847 208 1917 lepide
219 1847 247 1899 in
260 1865 338 1901 muro
350 1849 467 1917 pingunt
479 1850 596 1904 carbone
607 1849 707 1918 figuras
719 1872 725 1903 ι

41 1945 141 2012 Atque
153 1949 249 2011 rogant
261 1942 399 2005 Cererem,
415 1951 446 1996 ut
458 1945 545 1998 laetam
558 1946 709 1998 concedere
722 1963 838 2006 messem

39 2038 191 2107 Dignetur,
208 2038 315 2092 Cereris
323 2039 379 2108 jam
389 2039 446 2109 jum
459 2043 539 2094 turba
551 2041 624 2095 ebria
636 2042 717 2102 dono.

26 2127 149 2204 'Saepius
161 2135 225 2196 huc,
240 2136 347 2205 quoties
360 2153 469 2205 campos
483 2145 510 2191 et
521 2155 586 2198 ,rura
598 2138 699 2201 revisit,

38 2233 176 2286 Formosa
187 2248 250 2284 eum
264 2240 327 2286 nata
339 2241 366 2286 et
378 2234 472 2303 pingui
486 2237 603 2305 conjuge
616 2237 703 2290 tendit

38 2326 128 2390 Civis,
145 2333 173 2379 ct
185 2327 318 2380 umbrosae
330 2328 418 2390 salicis
431 2331 482 2382 sub
495 2331 615 2398 tegmine
628 2331 703 2384 lento

37 2422 202 2492 Ampuliem
213 2424 318 2491 poscit;
339 2425 383 2478 cui
396 2426 462 2478 dum
473 2425 576 2480 ferrum
589 2427 715 2481 admovet
730 2428 775 2482 ille

36 2519 156 2582 Flexile
172 2519 245 2586 quod
258 2535 351 2578 secum
365 2521 433 2576 tales
445 2521 500 2578 sert
512 2539 618 2590 semper
630 2525 658 2576 in
671 2540 746 2585 usus,

34 2616 141 2670 Evolat
155 2615 291 2684 extempio
303 2614 446 2681 furiosum,
462 2625 497 2681 et,
513 2635 566 2686 qua
578 2619 640 2671 data
650 2626 736 2686 porta,

34 2713 211 2780 Spumosum
224 2712 341 2780 erumpit
354 2713 440 2768 vitreo
453 2714 488 2767 de
500 2730 607 2766 carcere
619 2721 739 2767 mustum
753 2738 759 2767 ι

33 2807 125 2862 Haud
138 2806 223 2866 venti,
240 2806 388 2860 Laertiade
401 2824 470 2876 quos
483 2807 579 2860 AEolus
592 2816 654 2862 utre

33 2903 168 2957 inclusos
181 2901 301 2965 dederat,
316 2903 431 2971 strepitu
444 2902 546 2972 majore
559 2904 684 2958 ruebant.

31 2997 163 3053 Callidus
176 2996 280 3050 interea
292 2998 366 3060 civis,
381 3014 416 3050 ue
429 2999 551 3066 provolet
564 3016 653 3064 omne,

693 3103 707 3138 c
721 3103 735 3139 c
