2036 3400
353 165 448 202 vernn
468 167 584 204 necron
602 169 624 204 e
854 155 890 204 5³

116 301 305 370 sperantibus,
328 302 417 371 quood
433 302 507 355 licitu
526 311 554 355 et
573 303 700 362 innocus,
715 302 808 354 omnia
824 311 891 355 sunt

73 409 171 468 iibere.
212 411 249 465 Et
273 411 401 481 qnoniam
426 413 562 481 plerusque
585 413 614 464 in
637 411 733 464 futuro
753 419 819 464 sum
841 427 888 464 vo-

72 521 206 590 luptates,
221 520 342 588 optando
353 519 467 573 ficimus
479 521 675 588 presentium,
686 527 716 573 et
727 521 888 588 conspectui

71 630 190 699 propius
213 631 401 683 admovemus.
453 628 655 698 Contemplatio
682 637 725 684 nt
748 631 886 699 quodcum

71 738 188 792 fruendi
208 753 297 808 genus
305 760 313 798 ;
342 746 371 792 et
392 739 547 808 expectatio
570 739 736 801 deiicisrmn,
758 742 887 796 aba&

70 846 279 915 quodammodo
297 854 341 899 est
359 845 486 899 solatium
535 846 632 916 ltaque
649 849 806 917 equinum
819 850 885 919 jure

69 955 168 1009 licebit
180 962 244 1009 voto
256 956 400 1025 indulgere
412 973 464 1009 nec
472 956 590 1010 infaceto
602 974 654 1010 nec
666 957 796 1022 illibenii.
808 962 883 1028 quod

70 1063 214 1116 venientis
224 1064 375 1116 senectutis
386 1064 566 1126 incommoda,
578 1063 671 1117 sinon
682 1071 742 1118 tots
750 1067 882 1134 repeilfle

68 1177 99 1224 et
112 1171 251 1236 remorari,
265 1172 417 1226 diminuere
428 1179 503 1226 certe
513 1179 605 1240 potest
617 1181 646 1226 et
657 1173 778 1228 deimire

108 1279 168 1334 Diu
183 1282 304 1350 Anglicis
321 1283 470 1336 lectoribus
486 1283 596 1351 placuit,
612 1284 723 1352 dinque,
744 1293 776 1338 nt
792 1301 879 1355 ιαμ-

67 1406 172 1452 remm,
208 1391 324 1459 placebit
354 1365 520 1446 celebretum
550 1392 603 1446 boc
633 1393 816 1461 opuseulum:
849 1404 880 1450 et

66 1499 239 1568 speravimus
261 1501 368 1554 auctori
392 1508 487 1556 nostro
517 1518 574 1555 nen
603 1501 734 1570 injurium
760 1503 828 1566 iore,
853 1505 878 1558 si

65 1610 153 1664 iatine
186 1609 267 1664 etiem
298 1611 446 1679 legendnm
483 1611 682 1666 exhiberermm
734 1611 766 1664 ld
802 1620 877 1666 certe

65 1721 231 1791 optavimus,
246 1726 277 1773 ut
289 1719 390 1774 iterum
402 1721 511 1783 exteris,
521 1721 594 1789 apud
606 1737 676 1790 quos
687 1721 876 1790 peregrinatus

64 1838 119 1895 est,
147 1839 280 1900 quantum
309 1847 358 1900 per
381 1847 433 1884 nos
456 1838 557 1899 posset,
585 1839 666 1885 vetus
690 1831 875 1886 mames

64 1940 184 2007 hospes;
211 1946 240 1991 et
258 1939 337 2000 uma,
361 1954 416 2007 qus
434 1938 522 1992 semel
541 1938 641 2001 floruit,
668 1939 704 1992 de
728 1955 801 1993 novo
824 1939 872 1993 nii·

63 2049 230 2119 quantulum
242 2048 424 2102 revivisceret.
451 2047 869 2118 Denobisnihilausipolliceri,

64 2167 128 2219 tue,
156 2158 251 2220 lector,
277 2157 473 2211 benevolentiae
496 2164 638 2226 acceptum
662 2158 820 2222 referemus,
846 2159 871 2214 si

64 2265 198 2320 Romanis
210 2266 321 2320 auribus
339 2283 396 2319 ncn
414 2267 528 2334 prodent
544 2267 657 2320 omnino
671 2241 820 2336 'indignum
845 2269 870 2322 si

64 2371 149 2438 Italis.
181 2375 343 2443 quibuscum
361 2375 387 2428 ei
410 2375 491 2428 docte
514 2375 667 2428 intercessit
685 2377 865 2439 consuetudo,

61 2501 120 2538 non
144 2483 232 2537 multo
251 2484 387 2552 ingratior,
409 2483 438 2536 in
459 2483 510 2536 hnc
527 2484 608 2538 etiam
629 2484 762 2544 versione,
785 2499 866 2552 quarn

57 2592 119 2647 suis
131 2599 175 2646 est
187 2591 216 2644 in
229 2591 322 2660 lingna
333 2592 480 2645 vernacule
490 2592 674 2661 popularibus.

99 2700 143 2754 Ex
168 2699 309 2768 promisso,
336 2699 527 2753 annotationes
551 2699 636 2768 ipsius
657 2697 777 2751 auctoris
799 2700 864 2754 sub-

53 2809 175 2882 jecimus
197 2809 343 2879 pauculum
372 2811 476 2864 ceteris
496 2826 529 2863 eo
551 2808 667 2862 concilio
690 2806 804 2870 omissis,
828 2825 864 2862 ne

58 2919 137 2974 nimii
148 2919 311 2981 videremur,
326 2918 354 2971 in
367 2935 397 2972 re
410 2934 465 2971 non
478 2933 589 2986 prorsus
602 2914 760 2985 necessaria.
800 2915 862 2972 Hoc

58 3029 171 3082 unicum
185 3027 338 3080 exorandus
351 3035 443 3088 restas,
458 3026 544 3078 amice
562 3025 655 3085 lector,
672 3029 701 3074 ut
721 3023 820 3091 siquid
834 3026 859 3076 in

705 3127 718 3160 r
732 3113 748 3159 3
