1986 3398
149 642 204 696 AD
225 643 472 698 GULIELMUM
493 644 703 710 HOGARTH,

320 829 530 905 Παραινετικόν.

88 999 151 1059 Qm
164 1013 255 1051 mores
267 997 409 1052 hominum
422 1000 566 1068 improbos,
583 1002 698 1069 ineptos,

85 1094 200 1153 incidis,
216 1110 267 1148 nec
280 1094 456 1163 ineleganter,
471 1097 523 1159 aeri,

84 1191 203 1244 Derisor
215 1189 329 1257 lepidae,
345 1192 433 1245 sedet
447 1208 571 1254 severus,

83 1286 235 1340 Corrector
246 1285 343 1354 gravis,
358 1292 386 1339 at
398 1303 449 1340 nec
462 1285 643 1348 invenustus;

81 1382 145 1436 Seu
156 1381 245 1450 pingis
258 1381 425 1435 meretricios
437 1398 552 1444 amores,
578 1384 579 1387 ’

83 1479 123 1532 Et
136 1494 232 1531 scenas
244 1478 347 1532 misera
360 1478 487 1547 vicesque
501 1479 578 1540 vitm

82 1574 124 1629 Ut
137 1580 227 1627 tentat
238 1573 325 1642 pretio
337 1574 433 1627 rudem
446 1572 565 1640 puellam

83 1669 248 1739 Corruprrix
260 1687 336 1732 anus,
350 1670 504 1738 impudens,
522 1670 622 1730 obesa;

82 1767 123 1820 Ut
137 1783 168 1819 se
180 1766 227 1818 vix
239 1765 360 1834 reprimit
372 1765 533 1820 libidinosus

81 1861 232 1921 Scortator,
247 1861 341 1914 veneri
353 1869 462 1928 paratus
475 1861 549 1914 omni
562 1883 567 1912 :

80 1957 140 2012 Seu
153 1957 308 2011 describere
320 1957 369 2019 ris,
384 1957 472 2010 facete
484 1973 589 2019 censor,

79 2052 260 2107 Bacchanalia
272 2069 332 2106 sera
343 2051 532 2121 protrahentes

80 2151 127 2205 Ad
140 2149 259 2205 confinia
271 2150 468 2213 crastinaediei,
571 2151 577 2160 '

76 2247 193 2301 Fractoa
205 2262 270 2300 cum
283 2245 387 2315 cyathis
399 2246 489 2308 tubos,
501 2246 636 2299 matellam

78 2344 144 2398 Non
156 2343 266 2413 plenam
282 2341 363 2395 modo
376 2341 424 2394 sed
437 2341 660 2410 superfluentem,

77 2439 116 2496 Et
127 2439 227 2492 sortem
241 2437 414 2505 validumque
427 2436 616 2489 combibonem

77 2537 229 2590 Laetantem
242 2549 325 2602 super
337 2534 466 2602 amphora
477 2533 595 2602 repleta;

74 2629 297 2684 iucundissimus
310 2629 432 2682 omnium
444 2628 548 2690 fereris,

76 2725 209 2794 Nullique
220 2724 354 2778 artificum
367 2725 512 2785 secundus,
528 2731 591 2776 aetas

77 2824 155 2885 Quos
168 2837 287 2891 praesens
300 2820 383 2883 dedit,
398 2827 446 2873 aut
459 2819 537 2872 dabit
544 2820 645 2872 sutura.

76 2918 168 2973 Macte
181 2935 206 2980 o,
222 2918 264 2971 eia
275 2934 333 2985 age,
350 2923 438 2970 macte
451 2917 487 2969 sis
500 2915 602 2968 amicus

74 3013 192 3068 Virtuti:
212 3013 325 3081 vitiique
337 3012 410 3080 quod
425 3012 535 3071 notatis,
