1982 3422
268 489 471 544 EPILOGUS
498 488 552 542 AD
573 487 821 541 EUNUCHUM.

138 675 201 730 us!
219 678 314 730 adsum
328 676 405 728 miles
418 673 702 727 veteranus-inutilis
716 674 808 735 ermis.

175 773 227 826 Sed
242 772 299 840 regi
312 779 339 824 et
352 770 442 838 patrie
454 769 534 830 fidus,
548 778 580 822 ut
593 785 687 836 usque,
703 786 787 822 meae:

140 869 229 929 Quem
243 869 326 936 magis
339 867 427 920 aurati
439 866 520 920 rutilo
532 865 639 934 fulgore
650 865 733 933 galeri

174 965 354 1018 Commendat
367 963 488 1017 validum
499 979 554 1025 cor,
568 963 744 1031 lepidumque
758 971 864 1030 ceput:

140 1061 229 1121 Quem
246 1060 318 1113 Mars
331 1060 551 1113 truncavit-sed
564 1059 610 1112 oui
625 1057 749 1111 Chelseie
761 1061 894 1126 rependit

173 1156 210 1209 Et
221 1156 333 1208 mutilos
345 1161 420 1208 artus
434 1162 461 1208 et
475 1155 541 1207 mihi
553 1153 681 1222 quicquid
693 1155 779 1207 obest.

138 1257 204 1310 Pars
217 1274 267 1325 ego
281 1273 362 1325 parva
373 1256 514 1310 mei-sed
525 1273 587 1310 sum
599 1251 688 1308 πλέον
701 1249 789 1328 ἥμισυ
803 1251 931 1320 παπόςς

174 1353 300 1408 Sanctior
312 1360 353 1406 est
365 1353 439 1406 selva
452 1370 533 1421 parva
543 1354 640 1407 tabella
652 1360 718 1406 rate.

139 1449 257 1502 Lumine
269 1449 384 1502 suffosso
396 1449 490 1502 luscus
501 1470 507 1509 3
525 1450 612 1503 sedet
628 1448 762 1502 Hannibal
775 1450 847 1517 ipse,

176 1545 265 1605 Quem
281 1544 369 1597 Rome
380 1544 516 1606 horrebat,
531 1545 569 1598 sic
583 1546 706 1599 oculatus
719 1553 786 1598 eret.

139 1642 202 1695 Uno
215 1658 294 1694 crure
306 1641 402 1704 minor,
412 1641 460 1695 sed
473 1658 552 1695 crure
565 1641 710 1710 superstite
722 1642 749 1694 in
762 1642 864 1704 altum,

175 1738 266 1790 Altius
279 1744 310 1790 ut
320 1753 409 1799 nemo,
424 1737 582 1791 subsiluisse
595 1737 695 1790 velens.

140 1833 198 1887 Neo
210 1832 302 1886 fractis
315 1833 358 1885 vel
370 1833 458 1886 adhuc
471 1833 585 1894 enimis;
605 1833 654 1887 sed
672 1839 804 1887 strenuus
813 1833 871 1898 ills,

176 1928 244 1988 Quae
257 1934 388 1995 superest,
405 1927 494 1980 audax
507 1927 714 1996 intrepidusque
725 1944 819 1982 mauu.

141 2024 215 2085 Quid
227 2041 292 2078 vero
304 2024 346 2077 his
358 2023 445 2092 majus
456 2024 529 2078 dabit
542 2024 594 2078 iste
607 2024 774 2078 domesticus
787 2024 895 2080 heresi

177 2120 250 2180 Quid
263 2119 350 2174 simile
362 2120 404 2174 his
418 2119 494 2174 miles
504 2121 629 2174 scenicus
641 2121 693 2174 iste
707 2121 839 2175 Thraso?

140 2215 216 2268 lllius
229 2216 257 2268 in
269 2216 367 2284 plumis
381 2217 528 2284 tunicaque
541 2223 583 2269 est
595 2216 677 2269 unice
689 2215 776 2269 virtus
788 2238 795 2276 ;

177 2312 273 2366 Omnis
286 2314 313 2365 in
326 2313 408 2368 iluso
423 2330 537 2382 corpore
550 2319 657 2367 constat
670 2293 767 2366 honor.

140 2408 282 2463 Pulchrior
290 2409 316 2461 in
330 2409 425 2477 pannis
435 2425 480 2461 me
491 2408 577 2477 gloria
589 2409 670 2462 vestit
681 2430 688 2469 ;
709 2415 736 2461 et
748 2407 803 2461 hoc
816 2403 895 2473 crus.¹
982 2413 983 2429 ³

177 2504 243 2558 Haeo
256 2520 361 2566 manus,
376 2503 420 2556 hic
433 2503 537 2564 oculus,
553 2503 668 2571 duplicis
681 2502 765 2555 instar
779 2503 841 2556 erit.

144 2600 206 2660 Quo
219 2617 263 2654 me
276 2599 427 2668 excepistis,
442 2615 491 2653 vos
505 2597 538 2651 o!
559 2599 687 2652 dimittite
700 2597 797 2666 plausu
809 2621 817 2658 ;

176 2695 213 2749 Et
225 2695 292 2750 mihi
302 2696 409 2751 felicem
422 2696 547 2765 plsusero
559 2693 688 2748 militiam.
