2036 3400
175 159 210 210 84
389 173 418 208 ns
432 172 541 208 rrsrurr
554 167 654 208 sanem
665 169 780 208 daona.

106 323 111 334 ¹
212 309 264 364 His
275 310 365 365 lucem
377 311 484 366 induxit
496 313 582 374 terris,
597 313 741 381 piceasque
752 311 868 364 removit

212 407 319 462 Erroris
331 410 472 466 tenebras:
487 418 518 464 tu
533 409 680 471 Christum,
695 415 849 477 aeternaque
861 407 919 461 coeli

213 504 320 558 Gaudia
330 506 455 558 narrabas
466 505 562 559 animis
574 505 712 574 incognita
723 505 830 558 nostris.

214 602 239 656 Ο
251 601 364 670 longum
377 609 484 655 maneat
496 601 575 655 nobis
587 609 636 655 tua
646 601 717 654 fama
728 617 777 670 per
788 600 892 655 aevurn!

212 697 249 751 Et
261 715 324 752 cum
336 698 482 752 reddiderit
496 715 598 752 numen
611 715 661 752 sua
672 699 779 767 praemia
786 697 877 767 justis,

213 795 372 850 Innumeras
385 796 571 866 intingentes,
585 796 749 865 longamque
761 803 892 864 nepotum

213 891 384 960 Progeniem,
399 909 468 961 quos
481 893 546 961 ipse,
561 892 655 946 salutis
668 892 776 954 nuncie,
790 891 857 944 coelo

213 987 366 1050 Addideris,
380 988 529 1057 laudesque
543 988 643 1050 Deum,
657 986 774 1042 lauderis
787 993 815 1040 et
827 987 894 1055 ipse.

345 1243 387 1298 IN
408 1243 544 1299 NONAS
566 1242 805 1298 NOVEMBRIS.

249 1378 297 1432 Brs
309 1388 408 1431 nostrae
419 1377 495 1446 genti
507 1376 636 1430 meditata
647 1376 747 1429 inferre
760 1375 875 1437 ruinam,

285 1474 449 1527 Immaturus
462 1480 518 1526 erat
530 1472 571 1526 bis
584 1473 640 1534 tibi,
658 1471 753 1534 Roma,
768 1471 857 1525 dolus.

250 1573 413 1627 successum
425 1571 474 1625 tibi
487 1569 560 1639 Papa
572 1571 681 1640 quidem
693 1568 831 1639 promisit;
843 1576 872 1622 at
885 1569 934 1622 ille

285 1669 322 1722 Et
333 1670 449 1724 mendax
461 1676 545 1730 vates,
561 1676 588 1721 et
601 1667 688 1721 malus
700 1683 783 1736 auger
795 1673 862 1719 erat.

249 1767 313 1820 Visa
324 1766 390 1819 mihi
402 1766 515 1819 nimium
531 1764 610 1832 Papae
622 1771 653 1817 tu
666 1764 792 1823 credere;
810 1761 908 1816 Pastor

286 1864 322 1916 Et
334 1863 396 1924 falli,
413 1870 440 1916 et
452 1863 552 1931 poterit
563 1862 665 1923 fallere,
683 1860 779 1923 Roma,
794 1867 869 1914 tuus.

281 2095 323 2148 IN
345 2093 503 2149 FESTUM
526 2094 673 2148 SANCTI
694 2092 878 2146 ANDREAE.

182 2248 314 2302 Arrrxmr
328 2250 402 2311 dum,
417 2258 518 2313 sancte,
533 2252 615 2314 cruci,
629 2252 800 2320 lacerataque
812 2253 936 2305 membra

180 2345 338 2399 Distentum
350 2346 455 2401 miseris
468 2357 566 2417 urgent
578 2349 741 2402 cruciatibus
753 2348 861 2408 bostem

181 2442 327 2495 Immemor
339 2441 441 2496 interea
453 2459 542 2511 poenae,
557 2444 738 2513 ignoransque
751 2445 861 2506 moveri,

182 2537 343 2592 Adstansem
356 2538 499 2607 alloqueris
509 2542 658 2608 populum
673 2556 820 2610 narrasque
831 2541 929 2594 salutis

181 2637 344 2700 Authorem‚
359 2644 388 2690 et
399 2637 473 2706 leges
486 2645 513 2692 et
525 2656 599 2693 sacra
611 2639 719 2693 oracula
730 2639 840 2709 pandis;

183 2733 251 2795 Quae
265 2732 390 2788 Christus
402 2734 511 2803 majora,
526 2743 555 2789 et
566 2743 633 2805 quot
646 2735 798 2790 discrimina
809 2751 906 2804 passus

182 2829 244 2899 lpse
255 2831 330 2898 prius
342 2831 450 2892 tulerat,
465 2831 548 2884 divini
559 2833 636 2886 testis
647 2833 754 2886 amoris.

183 2925 227 2978 De
241 2923 342 2978 Christi
354 2924 478 2992 exemplo
491 2925 557 2977 dicis
570 2932 597 2978 te
610 2926 673 2978 talia
683 2926 762 2988 serre,

184 3019 238 3072 Pro
253 3019 361 3072 Christo
373 3019 487 3072 subiisse
500 3019 542 3071 vel
554 3019 596 3072 his
607 3021 728 3087 graviora
739 3030 871 3090 paratum.
