1986 3398
275 425 586 480 conspicatum·

25 585 161 642 Onnmos
174 605 209 642 ex
221 590 315 652 oculiS,
330 607 399 659 quos
411 608 454 644 ars
467 591 571 645 invenit
584 599 611 644 et
630 607 703 653 usus,

60 683 117 736 Per
130 701 199 753 quos
212 686 393 753 conspicimus
407 703 450 739 res
462 703 554 755 prope,
569 703 667 754 resque
681 688 775 754 procul
786 709 793 748 ;

26 778 206 833 Commodius
218 781 286 834 nihil
298 787 347 842 est,
363 781 430 835 nihil
443 789 484 834 est
496 782 655 849 presentius
667 782 727 844 illis,

60 875 210 944 Impositos
222 892 288 930 naso
301 893 370 946 quos
381 877 440 930 iere
452 878 566 946 quisque
578 878 656 946 gerit.

25 972 108 1034 Sunt,
124 971 172 1040 qui
184 973 359 1040 temporibus.
375 989 410 1026 ne
424 972 500 1026 balba
513 990 529 1026 e
542 990 607 1026 nare
618 973 774 1042 loquantur,

62 1066 148 1136 Affigi
158 1067 263 1120 malunt
275 1067 331 1120 haec
341 1068 427 1120 vitrea
435 1067 543 1121 auxilia.

27 1165 109 1226 Sunt,
124 1165 223 1232 quibus
235 1165 262 1217 in
276 1166 371 1218 dextra
385 1165 484 1218 vitrum
497 1166 672 1233 praetenditur
690 1182 793 1226 unum;

62 1261 104 1314 Hi
115 1268 181 1314 sunt
194 1278 226 1314 ex
239 1261 299 1320 illis,
314 1277 383 1329 quos
396 1262 481 1329 pudet
493 1279 553 1316 esse
566 1279 654 1316 senes

27 1359 120 1411 Nemo
132 1374 216 1425 sagax
229 1359 312 1426 magis
326 1366 367 1411 est
380 1359 550 1427 exploratore
563 1377 706 1422 novorum,

62 1441 136 1508 Cum
150 1455 218 1508 vitra
231 1456 256 1508 in
272 1473 337 1508 naso
349 1462 447 1524 gestet,
463 1457 490 1509 in
501 1473 548 1510 ore
561 1459 675 1511 tubum:

28 1551 79 1604 His
91 1551 197 1619 pollens
209 1551 298 1612 armis,
314 1551 355 1604 his
367 1547 544 1620 adjutricibus
557 1552 646 1612 armis,

63 1647 166 1699 Arcani
178 1647 243 1698 nihil
257 1654 307 1708 est,
323 1647 395 1715 qnod
409 1648 535 1700 subolere
547 1649 652 1716 nequit.

28 1742 198 1812 Adjumenta
210 1741 284 1794 domi
296 1742 351 1794 haec
364 1743 387 1795 si
398 1742 453 1796 sors
466 1743 580 1796 fortasse
593 1743 735 1811 relinquat,

63 1839 176 1891 Frustra
187 1839 238 1890 sub
251 1837 343 1890 cubito
355 1837 436 1890 biblia
448 1845 537 1906 portat
550 1854 635 1892 anus:

28 1934 138 1988 Excidit
151 1951 184 1988 ex
198 1933 296 1998 animo,
311 1934 442 2003 nihilique
455 1942 496 1988 est
509 1935 605 1989 concio
618 1943 676 1989 tota

64 2031 101 2082 Ni
114 2037 196 2098 caput
210 2038 237 2083 et
249 2047 366 2092 versum,
381 2047 475 2084 secum
485 2031 575 2093 habet,
591 2032 665 2085 unde
678 2039 764 2085 notet.

29 2127 122 2180 lnduit
133 2127 244 2179 alternis
253 2126 409 2194 psalmodns
422 2133 449 2178 et
462 2128 538 2181 exuit
551 2127 619 2180 inira

65 2223 197 2285 Clericus,
211 2223 321 2279 alternis
334 2231 365 2276 ut
376 2224 456 2292 legat,
472 2231 558 2292 utque
571 2232 657 2277 canat.

28 2319 132 2372 Pollice
143 2316 160 2350 ¹*
180 2307 246 2372 tune
259 2319 353 2374 habuit
364 2337 504 2388 suspensa,
519 2320 628 2389 obliqua
637 2321 726 2373 tuenti

66 2417 137 2469 Cum
151 2415 262 2469 niveum
275 2416 394 2470 ostendit
407 2416 528 2486 nympha
539 2433 638 2485 sopora
649 2417 748 2469 sinum.

30 2510 148 2564 Lumina
159 2511 204 2565 cni
216 2512 354 2580 languent,
367 2512 460 2566 multis
469 2512 632 2566 hebetantur
644 2518 672 2564 et
684 2511 769 2570 annis,

67 2607 193 2668 Quatuor
205 2613 236 2660 ut
248 2606 323 2669 fiant,
337 2607 418 2660 addat
430 2609 463 2660 ab
475 2613 533 2661 arte
545 2607 609 2660 duo.

32 2703 88 2763 Qui
99 2703 159 2757 vult
170 2710 292 2772 argutus,
308 2704 426 2772 quivult
439 2704 564 2758 oculatus
577 2703 677 2766 haberi,

67 2800 98 2853 ln
111 2799 199 2868 capite
210 2799 254 2852 hic
267 2800 363 2853 oculos
375 2807 471 2868 gestet,
488 2801 555 2853 etin
568 2801 668 2853 loculo.

65 2943 75 2966 ⁸
93 2947 157 2997 Vide
174 2947 298 3011 picturam
310 2947 369 2996 Gul.
383 2949 505 3012 Hogarth,
519 2964 573 3010 quae
591 2947 696 3012 sopitam
708 2947 833 3012 lepidissi-

32 3028 70 3060 me
81 3013 199 3062 describit
209 3013 434 3076 congregationem.
