1986 3398
167 154 215 203 192
332 169 469 206 curiosas
486 170 552 205 eom
571 169 604 205 rr
624 171 701 216 usur,
720 141 781 208 nro.

202 312 293 364 Aurea
306 328 368 364 cum
381 312 473 380 primis
485 319 545 366 scta
557 320 599 394 est
611 314 768 367 mortalibus
781 323 855 374 aetas,

166 411 290 464 Necdum
307 412 410 465 Astraea
423 413 563 466 hominum
576 415 738 467 commercia
749 415 856 483 fugerat
867 415 943 468 insons

166 505 289 575 Quisque
301 505 382 560 fldem
395 508 487 568 coluit,
502 509 680 576 manibusque
693 516 721 563 et
733 517 844 577 pectore
855 525 929 578 purus

163 602 297 656 Traduxit
310 620 423 656 vacuam
436 606 538 658 scelere
552 613 579 659 et
591 605 737 662 formidine
748 607 841 660 vitam.

164 701 228 754 Non
240 701 303 769 quia
313 700 415 754 lictoris
429 701 515 770 virgas
528 718 681 770 saevamque
694 704 811 757 securim

164 798 312 866 Sanguinei
324 798 465 858 extimuit;
486 798 534 851 sed
547 798 669 851 noudum
683 799 807 866 exempla
817 805 945 868 parentum

161 895 327 948 Exciderant
338 895 437 958 animo,
451 912 503 949 nec
515 895 596 964 louge
608 913 624 948 a
635 895 712 950 sonte
721 903 852 958 remotus,

162 991 288 1045 Coenosas
301 991 409 1046 haurire
421 991 514 1045 infelix
527 1000 642 1060 coeperat
655 991 751 1046 undas.

197 1089 235 1142 At
247 1089 327 1142 simul
340 1089 428 1158 ejecto
440 1088 505 1142 vitia
516 1089 637 1157 irrupere
649 1089 761 1158 pudore,

159 1185 290 1254 Disrupto
303 1186 412 1254 rapidus
424 1186 509 1239 veluti
521 1186 592 1239 solet
603 1187 679 1240 obice
692 1193 815 1247 torrens;

158 1282 284 1336 Condere
297 1289 356 1336 tum
368 1281 451 1350 leges,
467 1281 558 1350 siquos
572 1283 723 1334 reverentis
735 1280 827 1336 divirm

159 1379 247 1432 Movit
258 1379 356 1442 adhuc,
371 1396 483 1446 coepere,
498 1377 564 1431 fides
577 1395 620 1441 ne,
636 1395 765 1447 sacraque
773 1379 844 1448 jura,

158 1475 273 1544 Ipsaque
286 1474 393 1527 virtutis
406 1475 515 1542 penitus
525 1480 703 1527 monumenta
714 1473 843 1543 perirent.

195 1570 277 1632 Quod
289 1571 312 1624 si
324 1587 380 1623 non
393 1570 489 1638 aliqua,
505 1575 536 1622 ut
549 1568 646 1622 misere
658 1568 810 1631 contendis,
826 1569 922 1624 inesset

155 1667 202 1720 Vis
215 1667 306 1720 nativa
319 1666 405 1728 Bono,
420 1681 480 1734 quae
490 1665 551 1732 iege
563 1664 698 1732 antiquior
710 1664 793 1725 omni,

157 1765 214 1818 Cur
226 1781 290 1827 non,
306 1780 369 1817 cum
382 1763 409 1816 in
424 1763 520 1818 vitium
533 1763 611 1830 proni
624 1762 764 1830 rapiamur,
779 1761 902 1817 honestis

154 1859 369 1928 Postpositisque
382 1860 468 1921 bonis,
483 1858 626 1912 inhonesta
638 1866 665 1913 et
677 1875 757 1926 prava
765 1858 917 1928 jubentur?

190 1957 298 2011 Scilicet
311 1963 410 2009 aterna
422 1961 463 2008 est
475 1954 568 2017 virtus
585 1970 651 2022 quae‚
668 1953 781 2023 Regulo
798 1955 855 2008 visa
868 1961 915 2016 est,

154 2052 223 2106 Tam
235 2051 355 2105 formosa
366 2051 430 2104 tibi:
450 2057 524 2104 certe
537 2050 595 2112 dea,
612 2049 727 2118 Regulo
743 2050 800 2104 visa
812 2059 863 2112 est,

153 2149 247 2202 Ausus
259 2164 318 2201 eras
330 2164 383 2215 prae
396 2165 449 2216 qua
460 2146 641 2217 lacrymantes
654 2147 766 2216 rejicere
778 2163 795 2199 a
808 2153 838 2200 te

152 2245 282 2307 Uxorem,
297 2253 431 2314 natosque
444 2252 515 2307 tuos,
527 2252 673 2313 certusque
685 2245 779 2306 redire,

151 2335 295 2395 Poenorum
309 2342 407 2394 rabiem
420 2348 503 2409 atque
516 2341 640 2394 ultricem
653 2346 775 2392 temnere
788 2346 912 2394 mortem.
977 2373 978 2380 κ

150 2438 224 2506 Ergo
238 2438 318 2492 etiam
333 2438 393 2499 seri,
408 2445 470 2506 post
482 2444 523 2490 tot
537 2454 647 2506 quoque
659 2437 751 2497 sacia,
766 2444 882 2504 nepotes

150 2534 282 2587 Divinum
295 2534 431 2601 exemplar
443 2533 525 2586 tacito
539 2539 704 2585 venerantur
717 2531 830 2585 honore.

186 2631 232 2694 At,
246 2629 315 2684 lucis
328 2635 461 2689 metuens,
477 2629 610 2691 tenebras,
626 2635 654 2680 et
666 2627 754 2680 noctis
764 2643 853 2695 opace

150 2727 273 2790 Tegmen
286 2731 357 2776 amat
370 2723 464 2774 vitium
476 2745 482 2782 ;
503 2723 551 2775 sed
565 2740 615 2775 nec
629 2722 787 2775 densissima
799 2724 889 2776 noctis

149 2816 252 2866 Umbra
264 2817 334 2866 valet
347 2817 473 2866 miserum
488 2834 504 2867 a
515 2817 612 2882 seipso,
629 2817 716 2870 celare
729 2825 887 2871 nocentem.

148 2905 226 2956 Intus
239 2906 293 2969 agit
306 2907 430 2958 stimulos
445 2923 520 2958 mens
534 2911 642 2962 conscia
655 2927 739 2978 seque
752 2913 860 2981 flagello

147 2995 303 3060 Insequitur
316 3011 394 3056 caeco,
410 3005 513 3050 tortore
526 2999 642 3055 ferocior
655 3005 739 3058 omni.
