2036 3400
311 551 479 610 HYMNUS
499 555 658 612 PRIMUS.

477 761 496 796 1.

140 835 205 889 Cen
218 836 412 892 misericordias
425 839 561 908 recolligo,
576 847 625 894 tue

139 932 346 1004 paternaque,
358 933 470 998 lehem,
486 952 551 989 cure
562 937 685 999 contulit,

139 1027 276 1098 Suspenso
287 1030 439 1100 cogitando,
452 1047 529 1085 mens
539 1031 623 1086 haeret
634 1050 702 1095 mee,

138 1125 261 1181 Amorne
272 1127 357 1198 major
368 1128 424 1192 fiet,
439 1144 473 1182 an
485 1128 634 1183 admiratio.

315 1261 324 1304 i
467 1240 498 1276 11.

137 1318 206 1380 Quae
218 1321 306 1382 verbe,
321 1321 499 1391 quoepietetis
512 1318 667 1390 eloquentie

134 1414 243 1469 Ardone
254 1417 350 1471 eodem
364 1415 463 1486 greties
476 1415 608 1479 effabitur,

137 1510 201 1572 Quo
212 1519 309 1580 pectus
321 1513 395 1566 intus
408 1510 541 1581 concipitl
561 1513 610 1567 sed
622 1513 760 1582 gaudium,

134 1607 217 1669 Quod
228 1607 316 1664 fervet
328 1609 410 1674 intus,
426 1617 457 1664 tu
469 1610 545 1680 legis,
561 1617 591 1663 tu
605 1609 741 1679 intelligis.

453 1721 496 1759 111.

132 1799 194 1855 Tne
205 1817 278 1866 cure,
291 1817 413 1871 presens
424 1787 538 1871 semper,
554 1808 582 1855 et
593 1815 700 1869 semper
713 1801 783 1870 vigil,

131 1895 180 1952 Me
191 1898 333 1953 conditum
344 1897 415 1952 uteri
428 1896 495 1950 vidit
504 1895 531 1949 in
544 1895 661 1954 silentio.

129 1992 289 2064 Eodemque
301 2009 365 2047 cura
376 2008 421 2045 me
433 1997 528 2045 secute
540 1997 582 2044 est
594 1991 714 2059 provide,

131 2089 202 2144 Cum
212 2090 304 2144 metris
315 2090 349 2144 ed
361 2103 505 2143 mammem
516 2088 634 2156 pependi
645 2088 802 2144 infantulus.

454 2200 492 2237 rv.

130 2281 208 2344 Quos
218 2281 301 2336 edidit
313 2288 428 2352 questus
440 2297 506 2334 mere
517 2281 685 2336 imbecillitas

128 2377 257 2442 Infantis,
272 2387 320 2434 tue
330 2377 403 2432 nuris
415 2378 518 2447 occepit
530 2378 640 2440 statim

128 2475 200 2531 Cum
211 2492 288 2531 mens
300 2476 408 2540 tenelle,
423 2476 541 2546 cogitare
554 2491 605 2530 nec
618 2476 697 2546 potis,

126 2572 262 2642 Colligere
273 2573 397 2627 nondum
409 2579 522 2626 noverat
533 2589 594 2626 sese
606 2571 636 2625 in
647 2588 750 2641 preces.

465 2687 490 2721 v·
589 2724 592 2728 ,

127 2765 199 2828 Quae
211 2767 302 2822 nullus
314 2775 401 2837 aequet
412 2773 567 2834 computus,
579 2765 708 2819 solamine

124 2864 189 2919 Tun
198 2864 392 2920 administravit
405 2864 471 2918 mihi
484 2863 669 2932 indulgentie;

125 2962 293 3017 infantulum
302 2979 348 3016 cor
360 2970 504 3032 antequem
518 2962 671 3021 resciverat,

124 3061 150 3114 A
163 3059 239 3113 sonte
252 3077 306 3130 quo
318 3061 495 3128 profluxerint
508 3065 549 3113 tot
562 3074 683 3112 munera.

720 3169 734 3203 e
745 3155 761 3202 3
