1986 3398
325 744 526 798 MANUALE

70 949 272 988 'ruroonuruln
292 949 364 986 oum
384 947 543 994 eunomus,
565 947 651 984 nunu
671 945 772 984 usrlstt

186 1069 327 1107 nouorum
346 1069 490 1106 lusitanum
509 1069 662 1106 contendo·

22 1345 150 1400 Exrcuus
163 1348 231 1401 liber
244 1355 294 1410 est,
310 1347 435 1403 muliebri
447 1349 541 1402 creber
553 1348 581 1401 in
595 1363 655 1410 usu,

55 1443 155 1496 Perse
169 1444 217 1512 qui
229 1445 281 1496 dici
295 1444 463 1498 Bibliotheca
477 1451 576 1511 potest.

24 1538 107 1608 Copia
119 1541 267 1594 verborum
282 1557 337 1594 non
350 1548 399 1603 est,
415 1542 464 1594 sed
476 1541 553 1609 copie
570 1555 660 1593 rerum
675 1559 681 1598 ς

31 1629 34 1635 “
55 1634 145 1702 Copia
157 1636 245 1704 (quod
257 1652 338 1688 nemo
351 1637 480 1704 deneget)
495 1634 594 1689 utilior.

22 1728 122 1784 Rubris
135 1733 279 1785 consuitur
291 1733 405 1800 pannis3
424 1731 481 1785 fors
493 1732 595 1786 texitur
607 1746 691 1790 auro;

55 1828 104 1881 Bis
117 1834 198 1882 sexta
210 1829 243 1881 ad
255 1846 393 1882 summurn
406 1830 502 1898 pagina
515 1829 616 1883 claudit
628 1845 705 1896 opus.

22 1921 66 1974 Nil
78 1923 164 1977 habet
176 1941 193 1976 a
204 1932 282 1992 tergo
294 1925 402 1978 titulive
414 1931 461 1978 aut
473 1925 590 1978 nominis
600 1946 608 1985 ;
627 1924 702 1977 intus

55 2020 218 2073 Thesauros
230 2021 295 2074 artis
308 2028 406 2084 servat,
419 2028 446 2074 et
458 2022 533 2074 intus
545 2037 628 2090 opes:

22 2114 99 2171 Intus
114 2134 191 2186 opes,
204 2134 271 2187 quas
283 2119 404 2188 nympha
415 2119 477 2172 sinu
490 2119 671 2187 pulcherrima
681 2125 779 2186 gestet,

55 2213 136 2274 Quas
150 2213 213 2266 nive
225 2212 364 2266 candidior
377 2220 475 2267 tractet
486 2221 614 2282 ametque
626 2229 732 2268 manus.

23 2307 143 2368 Quando
156 2308 370 2362 instrumentum
382 2325 499 2376 presens
512 2309 561 2363 sibi
574 2309 693 2378 postulet
706 2326 781 2372 usus,

54 2406 194 2474 Majusve,
208 2413 265 2469 aut,
281 2406 370 2474 operis
383 2423 432 2474 pro
444 2407 558 2469 ratione,
573 2407 673 2461 minus.

21 2501 54 2553 Et
66 2519 174 2570 genere
186 2509 214 2555 et
226 2503 339 2557 modulo
352 2503 458 2556 diverse
470 2503 551 2556 hebet
563 2519 645 2566 arma,
660 2503 790 2572 gradatim

54 2599 182 2667 Digesto,
197 2598 231 2650 od
244 2615 374 2652 numeros
387 2605 528 2652 attenuata
539 2615 620 2653 suos:

21 2692 147 2748 Primum
161 2694 311 2748 Euchiridii
321 2694 417 2748 folium
430 2696 580 2765 majuscula
591 2696 701 2764 profert,

57 2789 169 2851 Qualis,
184 2807 243 2859 quae
256 2790 336 2844 blaeso
351 2798 392 2844 est
405 2790 517 2852 lumine,
533 2799 626 2858 poscat
641 2807 718 2844 anus,

22 2883 104 2943 Quod
117 2885 243 2953 sequitur
254 2885 359 2947 folium,
374 2886 504 2938 matronis
517 2903 590 2938 arma
603 2885 744 2948 ministrat,

55 2983 162 3036 Dicere
174 2999 233 3050 quae
246 2982 350 3051 magnis
363 2983 525 3052 proximiora
538 2983 609 3035 licet.

675 3094 691 3127 n
702 3079 718 3124 3
