1994 3398
321 730 556 786 GULIELMUS

201 935 394 991 SUSANNAE
415 933 678 990 VALEDICENS.

30 1171 63 1223 irs
80 1170 206 1225 statione
217 1170 270 1224 suit
283 1171 383 1235 classis,
397 1171 521 1241 fusisque
534 1188 581 1240 per
594 1187 672 1224 auras

13 1297 16 1304 ·
68 1269 187 1322 Ludere
199 1268 305 1322 vexillis
317 1277 346 1323 et
357 1269 463 1323 fluitare
476 1269 567 1328 dedit;

30 1365 108 1418 Cum
122 1381 222 1417 navem
234 1365 355 1418 aseendit
370 1365 511 1419 Susanna:
534 1373 552 1394 ‘⁸
565 1365 590 1418 0
603 1364 692 1425 dicite,
707 1370 803 1426 naute,

67 1461 184 1515 Nostrae
195 1460 243 1514 ubi
255 1461 358 1515 deliciae
373 1459 459 1515 sunt?
478 1461 525 1515 ubi
538 1468 631 1514 noster
642 1458 739 1513 amor?

28 1559 129 1614 Dicite
142 1574 201 1621 vos,
217 1558 299 1612 animi
310 1558 404 1622 fortes,
420 1559 469 1613 sed
482 1559 563 1612 dicite
576 1576 679 1621 verum,

70 1654 240 1724 Agminihus
253 1655 349 1708 vestris
361 1671 428 1708 num
444 1653 599 1708 Gulielmus
611 1654 683 1708 inest
692 1652 721 1706 i'’

30 1846 181 1901 Pendulus
193 1846 220 1898 in
231 1847 331 1900 summi
346 1846 500 1900 Gulielmus
513 1845 616 1900 vertice
628 1845 691 1898 mali

71 1943 148 1996 Hinc
161 1943 311 2012 agitabatur
321 1945 458 2008 fluetibus,
469 1945 543 2006 inde,
558 1943 655 2002 marist

29 2040 178 2102 Protinus,
193 2045 225 2093 ut
238 2057 333 2094 vocem
344 2043 414 2095 bene
426 2047 519 2098 notam
532 2039 644 2102 audivit,
659 2039 693 2092 ud
705 2039 776 2094 inira

71 2135 207 2190 Praemisit
219 2138 360 2206 gemitum,
374 2156 425 2194 nec
438 2139 514 2208 piger
523 2139 581 2208 ipse
593 2137 686 2206 sequi:

29 2236 144 2304 Vixque
156 2251 240 2288 manu
252 2243 367 2305 tangens
379 2236 467 2300 funes,
484 2244 511 2290 et
527 2244 645 2304 prepete
656 2234 750 2290 iubens

69 2331 224 2394 Descensu‚
240 2331 303 2385 airti
315 2332 431 2402 fulguris
448 2333 540 2396 instar,
554 2334 642 2388 udest.

30 2525 82 2580 Sic
94 2524 150 2577 aito
163 2524 191 2576 iu
206 2524 272 2577 coelo
284 2524 408 2579 tremulis
421 2541 451 2578 se
463 2525 542 2578 librat
555 2532 589 2579 ut
599 2526 656 2589 ulis,

74 2619 103 2673 Si
115 2621 194 2674 sociae
206 2620 319 2689 accipiat
331 2620 422 2674 forsan
436 2621 532 2674 alauda
544 2638 634 2686 sonos,

29 2717 153 2772 Devoht
166 2718 322 2786 extemp103
343 2718 496 2788 clausisque
508 2720 542 2773 ad
553 2725 665 2788 pectore
678 2719 782 2787 pennis,

74 2814 103 2868 In
117 2831 185 2869 eetae
196 2815 292 2868 nidum
304 2814 480 2884 precipitatur
492 2815 559 2869 uvis.

30 2911 122 2974 Basia,
138 2927 199 2982 quae
213 2911 338 2970 Susanna
349 2929 400 2965 suo
414 2911 535 2980 permisit
549 2911 658 2971 emanti,

73 3006 214 3061 Navareha
223 3005 322 3075 optfirit
334 3007 469 3060 maximus
482 3021 542 3058 esse
554 3019 611 3056 sua.
