1986 3398
24 649 276 705 EXISTENTlA
300 647 460 703 ENTIUM
481 645 833 704 INCORPOREORUM

72 787 240 842 COLLlGl
256 786 411 842 POTEST
428 787 584 842 LUMINE
600 787 786 843 NATURAE.

25 973 129 1026 Ouum
142 973 251 1026 mortali
262 974 375 1028 demens
388 975 519 1043 sapientia
532 975 618 1028 credit

25 1069 139 1123 Semine
152 1075 287 1132 concreta,
303 1075 330 1123 et
343 1086 415 1123 coeco
424 1069 526 1138 jactata
537 1070 659 1124 tumultu

25 1164 163 1233 Principia
175 1165 331 1218 innumeras
345 1182 434 1219 rerum
447 1167 599 1234 procudere
610 1165 710 1220 formae
722 1189 728 1219 z

25 1261 99 1314 Hinc
112 1260 229 1314 animam
242 1261 320 1329 fingit
333 1263 507 1316 nascentibus
519 1263 682 1316 insinuatam

25 1357 178 1426 Corporeas
190 1373 299 1411 servare
311 1358 391 1420 vices,
407 1375 518 1426 unaque
531 1359 623 1427 vigere

27 1454 97 1507 Cum
112 1454 251 1516 membris,
266 1471 322 1508 una
333 1455 510 1524 languentem
522 1457 588 1510 flere
601 1457 729 1524 vigorem,

26 1551 120 1618 Atque
131 1551 222 1604 brevis
234 1551 333 1619 pariter
345 1552 461 1620 spatium
474 1553 619 1606 decurrere
631 1552 703 1613 vitm,

26 1644 61 1699 Et
73 1647 159 1700 simul
170 1646 198 1700 in
212 1647 316 1700 cineres
327 1647 506 1716 primevaque
519 1647 622 1701 semina
634 1647 711 1700 solvi.

60 1742 122 1796 Hos
134 1742 224 1803 ludos,
240 1741 366 1811 Epicure,
381 1749 464 1811 atque
476 1743 533 1796 lraec
546 1742 679 1796 insomnia
691 1743 762 1797 ridet

27 1837 169 1892 Inventrix
180 1839 238 1892 veri
250 1840 326 1902 ratio,
341 1840 476 1908 sedesque
488 1839 595 1893 luturas

28 1935 172 1998 Monstrat,
186 1943 401 2004 perpetuamque
413 1936 510 1990 anima
522 1944 584 2005 post
596 1935 694 1989 lunera
707 1936 799 1989 vitam.

61 2033 133 2086 Nam
146 2032 170 2086 si
182 2048 317 2100 corporee
328 2040 445 2102 pereunt
457 2049 520 2086 cum
533 2049 646 2100 corpore
658 2040 773 2094 mentes,
827 2017 830 2022 ⁴

28 2129 108 2183 Unde
120 2137 172 2192 est,
186 2130 260 2198 quod
272 2147 344 2184 coeco
357 2130 471 2184 resoluti
483 2147 591 2184 carcere
604 2147 698 2183 manes

28 2225 122 2278 Aerias
134 2233 248 2278 sumunt
260 2225 368 2289 formas,
384 2232 412 2279 et
424 2227 518 2279 tenuia
530 2228 659 2288 membra,

27 2319 63 2373 Et
75 2321 176 2374 similes
188 2321 310 2375 referunt
322 2321 423 2384 vultus,
439 2329 572 2390 notasque
583 2322 704 2390 figuras?

63 2416 225 2486 Quanquam
247 2418 347 2471 etenim
374 2418 486 2471 ridenda
507 2427 609 2486 putem,
634 2436 694 2488 quae
718 2418 825 2471 somnia

131 2528 249 2580 cunque,

29 2606 146 2662 Credula
156 2615 247 2662 narrat
259 2625 328 2663 anus
340 2610 471 2664 tremulos
484 2611 518 2664 ad
529 2611 659 2679 lampadis
668 2611 753 2679 ignes,

30 2703 98 2756 Cum
109 2711 206 2758 noctes
218 2705 347 2772 produxit
360 2706 455 2768 hiems,
470 2707 603 2775 puerique
615 2714 764 2760 trementes

31 2798 161 2854 lnt‘ormes
172 2807 301 2855 metuunt
313 2803 430 2864 umbras,
445 2802 623 2870 simulataque
635 2809 765 2864 monstra,

31 2892 64 2947 Et
74 2895 143 2948 latos
157 2896 241 2950 rictus
254 2897 403 2967 oculosque
416 2899 534 2951 immane
546 2898 693 2957 micantem

33 2989 103 3059 Soepe
114 2999 206 3046 tamen
219 2993 361 3048 simulacra
373 2994 460 3048 modis
473 2995 600 3062 pallentia
611 2996 687 3049 miris
