2036 3400
336 171 448 210 resuere
468 173 502 208 ur
520 173 620 210 cero-s.
842 161 876 212 49

78 308 215 364 Promisso
228 311 362 380 quisnam,
377 311 457 365 nimis
469 309 519 364 ehi
545 311 699 378 promissor,
714 328 813 376 umore,

113 407 230 462 Polliciti
242 414 349 476 poteras
361 408 504 462 immemor
516 425 577 462 esse
589 407 650 461 tui?

76 505 206 560 Laudatis
220 505 353 574 quianam,
368 506 448 560 niueis
460 504 511 560 ehi
536 506 667 569 laudator,
682 507 774 560 ocellis

111 603 245 673 Extingui
256 604 342 657 multo
355 619 450 672 passus
462 621 492 658 es
505 604 590 657 imbre
601 603 693 657 facer?

73 794 175 848 Dicere
187 811 235 848 cur
247 803 363 865 peteres,
377 796 476 850 labium
489 796 539 850 tibi
551 811 634 850 suave
647 797 780 858 rubescit;

110 893 148 946 Et
159 892 231 956 fecit,
245 901 277 946 ut
289 894 367 947 cedet
378 910 498 962 purpure
508 892 649 962 pallidior?

72 991 175 1045 Dicere
186 1008 236 1044 cur
248 991 376 1059 peteres?
401 999 429 1044 et
442 1008 501 1060 ego,
516 992 598 1054 rudis,
613 991 698 1045 inscie
709 992 793 1062 virgo,

111 1089 169 1144 Cur
181 1089 311 1144 blandum
322 1089 414 1159 adjuvi
426 1089 586 1143 credulitate
598 1087 713 1142 dolum?

71 1281 157 1334 Nulla
168 1281 241 1344 mihi,
256 1279 328 1336 heui
353 1281 432 1336 floret
443 1281 533 1344 iacies,
549 1298 608 1352 quae
619 1282 727 1336 floruit«
754 1282 835 1337 ecce!

109 1378 179 1440 Quae
190 1379 316 1440 rubuere,
331 1377 398 1430 mihi
409 1365 484 1432 nulla
495 1378 591 1432 labella
603 1379 709 1432 rubent.

70 1475 149 1529 Mors
161 1475 316 1544 obsignatus
329 1462 448 1528 tenebris
460 1475 526 1528 mihi
538 1475 634 1529 clausit
646 1476 746 1530 ocellos
756 1498 763 1536 ;

106 1571 202 1626 Gratia
213 1572 326 1626 desertae
339 1589 389 1627 nec
402 1589 484 1640 super
497 1589 551 1626 une
562 1589 638 1641 genae
651 1580 700 1626 est.

67 1767 226 1821 Germanus
239 1764 306 1818 mihi
317 1765 415 1819 vermis
428 1765 505 1826 edax,
521 1765 674 1832 depascitur
685 1773 760 1819 artus

105 1861 262 1931 Cognatum
289 1877 340 1915 nec
351 1860 440 1914 edhuc
453 1867 495 1913 ert
507 1860 602 1924 satiate
612 1858 715 1913 semes:

65 1959 104 2013 Et
117 1958 213 2028 gelidae
225 1965 252 2012 et
263 1957 350 2026 longe
363 1963 465 2010 restent
477 1957 542 2010 mihi
555 1957 633 2010 taedie
644 1958 739 2020 noctis,

102 2055 180 2109 Dum
194 2061 302 2108 noctem
317 2053 431 2121 excipiet
442 2053 531 2122 longe,
546 2070 679 2121 supreme,
694 2054 760 2108 dies.

62 2250 123 2305 Sed
135 2256 227 2311 centu,
241 2246 386 2302 audistin'?
410 2247 516 2301 monuit
528 2263 573 2301 me
585 2246 671 2316 gellus
683 2247 771 2308 ebire;

102 2343 214 2414 Thyrsi,
229 2343 305 2406 veie;
331 2343 451 2412 longum,
466 2343 569 2412 perfide
583 2343 692 2414 Thyrsi,
707 2342 782 2399 vele!

60 2443 130 2496 Vrec
142 2449 243 2504 tamen,
258 2441 365 2496 tumulo
378 2458 458 2510 quem
472 2441 506 2495 sit
519 2441 626 2496 defossa
638 2441 781 2511 proiundo,

103 2538 173 2600 Quae
185 2539 313 2592 miserum
325 2539 439 2607 urgebat
450 2537 534 2592 funus
546 2555 638 2592 emere
650 2539 699 2592 tui.

54 2732 125 2786 Jem
137 2730 263 2785 volueres
277 2731 409 2793 cecinere,
424 2737 451 2784 et
463 2729 600 2785 festinavit
612 2733 645 2784 ab
657 2740 729 2792 ortu,

99 2827 244 2896 Purpureo
257 2827 322 2889 risu,
337 2826 378 2880 sol
389 2827 493 2896 aperire
506 2827 577 2880 diem
589 2849 595 2888 ;

57 2923 185 2979 Pallidus
199 2923 339 2990 obstupuit
354 2921 476 2993 Thyrsis,
489 2923 677 2990 tremulusque
689 2923 770 2977 cubili

97 3020 160 3087 (Ah
174 3018 293 3073 tremori
322 3019 355 3071 eh
368 3018 454 3086 pallor
467 3020 592 3074 conscius
603 3017 624 3084 1)
638 3020 731 3073 exiliit.

743 3133 757 3167 r
