<?xml version="1.0" encoding="UTF-8"?>
<!DOCTYPE html PUBLIC "-//W3C//DTD XHTML 1.0 Transitional//EN"
    "http://www.w3.org/TR/xhtml1/DTD/xhtml1-transitional.dtd">
<html xmlns="http://www.w3.org/1999/xhtml" xml:lang="en" lang="en">
 <head>
  <title>
</title>
<meta http-equiv="Content-Type" content="text/html;charset=utf-8" />
  <meta name='ocr-system' content='tesseract 3.04.00' />
  <meta name='ocr-capabilities' content='ocr_page ocr_carea ocr_par ocr_line ocrx_word'/>
</head>
<body>
  <div class='ocr_page' id='page_1' title='image "./poeticalworksla01bourgoog_0247.png"; bbox 0 0 1986 3398; ppageno 0'>
   <div class='ocr_carea' id='block_1_1' title="bbox 281 139 833 194">
    <p class='ocr_par' dir='ltr' id='par_1_1' title="bbox 281 139 833 194">
     <span class='ocr_line' id='line_1_1' title="bbox 281 139 833 194; baseline 0 -6"><span class='ocrx_word' id='word_1_1' title='bbox 281 153 412 190; x_wconf 78' lang='lat' dir='ltr'><strong>nroumns</strong></span> <span class='ocrx_word' id='word_1_2' title='bbox 430 153 465 189; x_wconf 76' lang='lat' dir='ltr'><strong>aa</strong></span> <span class='ocrx_word' id='word_1_3' title='bbox 483 152 582 190; x_wconf 76' lang='lat' dir='ltr'><strong>orrum.</strong></span> <span class='ocrx_word' id='word_1_4' title='bbox 781 139 833 194; x_wconf 76' lang='lat'><strong>227</strong></span> 
     </span>
    </p>
   </div>
   <div class='ocr_carea' id='block_1_2' title="bbox 34 288 780 648">
    <p class='ocr_par' dir='ltr' id='par_1_2' title="bbox 34 288 660 454">
     <span class='ocr_line' id='line_1_2' title="bbox 34 288 660 358; baseline 0 -16"><span class='ocrx_word' id='word_1_5' title='bbox 34 289 169 358; x_wconf 83' lang='lat' dir='ltr'><strong>Impendit</strong></span> <span class='ocrx_word' id='word_1_6' title='bbox 181 306 274 344; x_wconf 82' lang='lat' dir='ltr'><strong>euram</strong></span> <span class='ocrx_word' id='word_1_7' title='bbox 286 289 435 357; x_wconf 78' lang='lat' dir='ltr'><strong>patriaeque</strong></span> <span class='ocrx_word' id='word_1_8' title='bbox 448 295 476 342; x_wconf 86' lang='lat' dir='ltr'><strong>et</strong></span> <span class='ocrx_word' id='word_1_9' title='bbox 487 288 591 343; x_wconf 87' lang='lat' dir='ltr'><strong>civibus</strong></span> <span class='ocrx_word' id='word_1_10' title='bbox 603 288 660 350; x_wconf 84' lang='lat' dir='ltr'><strong>ille;</strong></span> 
     </span>
     <span class='ocr_line' id='line_1_3' title="bbox 66 385 576 454; baseline 0 -16"><span class='ocrx_word' id='word_1_11' title='bbox 66 385 167 440; x_wconf 84' lang='lat' dir='ltr'><strong>Debita</strong></span> <span class='ocrx_word' id='word_1_12' title='bbox 178 387 201 439; x_wconf 91' lang='lat' dir='ltr'><strong>si</strong></span> <span class='ocrx_word' id='word_1_13' title='bbox 211 385 303 439; x_wconf 81' lang='lat' dir='ltr'><strong>forsan</strong></span> <span class='ocrx_word' id='word_1_14' title='bbox 315 385 473 439; x_wconf 78' lang='lat' dir='ltr'><strong>mminuisse</strong></span> <span class='ocrx_word' id='word_1_15' title='bbox 486 391 576 454; x_wconf 83' lang='lat' dir='ltr'><strong>quest.</strong></span> 
     </span>
    </p>

    <p class='ocr_par' dir='ltr' id='par_1_3' title="bbox 34 480 780 648">
     <span class='ocr_line' id='line_1_4' title="bbox 34 480 780 551; baseline 0.001 -17"><span class='ocrx_word' id='word_1_16' title='bbox 34 481 175 551; x_wconf 78' lang='lat' dir='ltr'><strong>Nusquam</strong></span> <span class='ocrx_word' id='word_1_17' title='bbox 187 488 230 536; x_wconf 89' lang='lat' dir='ltr'><strong>est</strong></span> <span class='ocrx_word' id='word_1_18' title='bbox 238 482 355 544; x_wconf 87' lang='lat' dir='ltr'>uberior,</span> <span class='ocrx_word' id='word_1_19' title='bbox 370 496 505 549; x_wconf 83' lang='lat' dir='ltr'><strong>nusquam</strong></span> <span class='ocrx_word' id='word_1_20' title='bbox 518 496 596 549; x_wconf 85' lang='lat' dir='ltr'><strong>seges</strong></span> <span class='ocrx_word' id='word_1_21' title='bbox 608 480 780 551; x_wconf 82' lang='lat' dir='ltr'><strong>ingeniorum</strong></span> 
     </span>
     <span class='ocr_line' id='line_1_5' title="bbox 68 575 630 648; baseline -0.002 -17"><span class='ocrx_word' id='word_1_22' title='bbox 68 577 174 648; x_wconf 67' lang='lat' dir='ltr'><strong>Mision</strong></span> <span class='ocrx_word' id='word_1_23' title='bbox 193 578 242 632; x_wconf 85' lang='lat' dir='ltr'><strong>sed</strong></span> <span class='ocrx_word' id='word_1_24' title='bbox 255 577 349 632; x_wconf 85' lang='lat' dir='ltr'><strong>messis</strong></span> <span class='ocrx_word' id='word_1_25' title='bbox 361 582 420 632; x_wconf 81' lang='lat' dir='ltr'><strong>iota</strong></span> <span class='ocrx_word' id='word_1_26' title='bbox 429 575 540 630; x_wconf 85' lang='lat' dir='ltr'><strong>latendo</strong></span> <span class='ocrx_word' id='word_1_27' title='bbox 551 576 630 644; x_wconf 86' lang='lat' dir='ltr'><strong>perit.</strong></span> 
     </span>
    </p>
   </div>
   <div class='ocr_carea' id='block_1_3' title="bbox 215 1263 649 1322">
    <p class='ocr_par' dir='ltr' id='par_1_4' title="bbox 215 1263 649 1322">
     <span class='ocr_line' id='line_1_6' title="bbox 215 1263 649 1322; baseline 0.012 -5"><span class='ocrx_word' id='word_1_28' title='bbox 215 1263 412 1319; x_wconf 81' lang='lat' dir='ltr'><strong>DIGNITAS</strong></span> <span class='ocrx_word' id='word_1_29' title='bbox 432 1264 485 1318; x_wconf 86' lang='grc' dir='ltr'><strong>ΕΤ</strong></span> <span class='ocrx_word' id='word_1_30' title='bbox 505 1264 649 1322; x_wconf 85' lang='lat' dir='ltr'><strong>OTIUM.</strong></span> 
     </span>
    </p>
   </div>
   <div class='ocr_carea' id='block_1_4' title="bbox 28 1430 838 2744">
    <p class='ocr_par' dir='ltr' id='par_1_5' title="bbox 32 1430 740 1596">
     <span class='ocr_line' id='line_1_7' title="bbox 32 1430 740 1501; baseline 0.003 -17"><span class='ocrx_word' id='word_1_31' title='bbox 32 1431 139 1485; x_wconf 80' lang='lat' dir='ltr'><strong>Anrroa</strong></span> <span class='ocrx_word' id='word_1_32' title='bbox 153 1437 195 1484; x_wconf 89' lang='lat' dir='ltr'><strong>est</strong></span> <span class='ocrx_word' id='word_1_33' title='bbox 207 1430 325 1501; x_wconf 90' lang='lat' dir='ltr'><strong>reliquis,</strong></span> <span class='ocrx_word' id='word_1_34' title='bbox 340 1448 399 1500; x_wconf 76' lang='lat' dir='ltr'><strong>qum</strong></span> <span class='ocrx_word' id='word_1_35' title='bbox 412 1431 478 1486; x_wconf 87' lang='lat' dir='ltr'><strong>sella</strong></span> <span class='ocrx_word' id='word_1_36' title='bbox 490 1439 602 1486; x_wconf 85' lang='lat' dir='ltr'><strong>vocatur</strong></span> <span class='ocrx_word' id='word_1_37' title='bbox 613 1432 740 1494; x_wconf 82' lang='lat' dir='ltr'><strong>honoris;</strong></span> 
     </span>
     <span class='ocr_line' id='line_1_8' title="bbox 65 1503 585 1596; baseline 0 -16"><span class='ocrx_word' id='word_1_38' title='bbox 65 1503 192 1591; x_wconf 67' lang='lat' dir='ltr'><strong>Aeolius,</strong></span> <span class='ocrx_word' id='word_1_39' title='bbox 206 1527 279 1580; x_wconf 83' lang='lat' dir='ltr'><strong>facili</strong></span> <span class='ocrx_word' id='word_1_40' title='bbox 287 1528 336 1581; x_wconf 89' lang='lat' dir='ltr'><strong>sed</strong></span> <span class='ocrx_word' id='word_1_41' title='bbox 348 1528 500 1596; x_wconf 89' lang='lat' dir='ltr'><strong>superanda</strong></span> <span class='ocrx_word' id='word_1_42' title='bbox 508 1528 585 1596; x_wconf 84' lang='lat' dir='ltr'><strong>jugo.</strong></span> 
     </span>
    </p>

    <p class='ocr_par' dir='ltr' id='par_1_6' title="bbox 31 1623 773 1774">
     <span class='ocr_line' id='line_1_9' title="bbox 31 1623 773 1694; baseline 0.003 -18"><span class='ocrx_word' id='word_1_43' title='bbox 31 1623 91 1678; x_wconf 89' lang='lat' dir='ltr'><strong>Hoc</strong></span> <span class='ocrx_word' id='word_1_44' title='bbox 103 1623 203 1678; x_wconf 89' lang='lat' dir='ltr'><strong>solium</strong></span> <span class='ocrx_word' id='word_1_45' title='bbox 215 1624 345 1688; x_wconf 86' lang='lat' dir='ltr'><strong>ascendit,</strong></span> <span class='ocrx_word' id='word_1_46' title='bbox 360 1640 442 1692; x_wconf 91' lang='lat' dir='ltr'><strong>quem</strong></span> <span class='ocrx_word' id='word_1_47' title='bbox 454 1629 513 1677; x_wconf 84' lang='lat' dir='ltr'><strong>tota</strong></span> <span class='ocrx_word' id='word_1_48' title='bbox 523 1623 676 1692; x_wconf 83' lang='lat' dir='ltr'><strong>frequentia</strong></span> <span class='ocrx_word' id='word_1_49' title='bbox 686 1625 773 1694; x_wconf 86' lang='lat' dir='ltr'><strong>poscit</strong></span> 
     </span>
     <span class='ocr_line' id='line_1_10' title="bbox 64 1719 619 1774; baseline 0.002 -2"><span class='ocrx_word' id='word_1_50' title='bbox 64 1719 189 1774; x_wconf 74' lang='lat' dir='ltr'><strong>Presidis</strong></span> <span class='ocrx_word' id='word_1_51' title='bbox 201 1720 229 1773; x_wconf 90' lang='lat' dir='ltr'><strong>in</strong></span> <span class='ocrx_word' id='word_1_52' title='bbox 242 1726 352 1773; x_wconf 85' lang='lat' dir='ltr'><strong>noctem</strong></span> <span class='ocrx_word' id='word_1_53' title='bbox 361 1720 524 1774; x_wconf 86' lang='lat' dir='ltr'><strong>sustinuisse</strong></span> <span class='ocrx_word' id='word_1_54' title='bbox 536 1720 619 1773; x_wconf 86' lang='lat' dir='ltr'><strong>vices.</strong></span> 
     </span>
    </p>

    <p class='ocr_par' dir='ltr' id='par_1_7' title="bbox 29 1815 665 1982">
     <span class='ocr_line' id='line_1_11' title="bbox 29 1815 665 1886; baseline 0 -17"><span class='ocrx_word' id='word_1_55' title='bbox 29 1815 78 1870; x_wconf 89' lang='lat' dir='ltr'><strong>llle</strong></span> <span class='ocrx_word' id='word_1_56' title='bbox 88 1816 138 1871; x_wconf 91' lang='lat' dir='ltr'><strong>ubi</strong></span> <span class='ocrx_word' id='word_1_57' title='bbox 149 1817 303 1884; x_wconf 77' lang='lat' dir='ltr'><strong>composuit</strong></span> <span class='ocrx_word' id='word_1_58' title='bbox 315 1833 384 1879; x_wconf 88' lang='lat' dir='ltr'><strong>sese,</strong></span> <span class='ocrx_word' id='word_1_59' title='bbox 399 1817 530 1886; x_wconf 83' lang='lat' dir='ltr'><strong>clavoque</strong></span> <span class='ocrx_word' id='word_1_60' title='bbox 542 1816 665 1885; x_wconf 84' lang='lat' dir='ltr'><strong>galerum</strong></span> 
     </span>
     <span class='ocr_line' id='line_1_12' title="bbox 63 1911 665 1982; baseline -0.002 -14"><span class='ocrx_word' id='word_1_61' title='bbox 63 1913 221 1982; x_wconf 86' lang='lat' dir='ltr'><strong>Suspendit,</strong></span> <span class='ocrx_word' id='word_1_62' title='bbox 234 1920 334 1982; x_wconf 86' lang='lat' dir='ltr'><strong>poetum</strong></span> <span class='ocrx_word' id='word_1_63' title='bbox 346 1911 400 1966; x_wconf 81' lang='lat' dir='ltr'><strong>sert</strong></span> <span class='ocrx_word' id='word_1_64' title='bbox 411 1913 577 1982; x_wconf 86' lang='lat' dir='ltr'><strong>tubulosque</strong></span> <span class='ocrx_word' id='word_1_65' title='bbox 588 1930 665 1982; x_wconf 82' lang='lat' dir='ltr'><strong>puer.</strong></span> 
     </span>
    </p>

    <p class='ocr_par' dir='ltr' id='par_1_8' title="bbox 29 2007 740 2173">
     <span class='ocr_line' id='line_1_13' title="bbox 29 2007 740 2078; baseline 0.003 -17"><span class='ocrx_word' id='word_1_66' title='bbox 29 2007 135 2078; x_wconf 87' lang='lat' dir='ltr'><strong>Implet,</strong></span> <span class='ocrx_word' id='word_1_67' title='bbox 151 2015 179 2061; x_wconf 86' lang='lat' dir='ltr'><strong>et</strong></span> <span class='ocrx_word' id='word_1_68' title='bbox 191 2008 322 2070; x_wconf 81' lang='lat' dir='ltr'><strong>accendit,</strong></span> <span class='ocrx_word' id='word_1_69' title='bbox 340 2007 487 2076; x_wconf 90' lang='lat' dir='ltr'><strong>cubitoque</strong></span> <span class='ocrx_word' id='word_1_70' title='bbox 499 2008 609 2062; x_wconf 83' lang='lat' dir='ltr'><strong>innixus</strong></span> <span class='ocrx_word' id='word_1_71' title='bbox 623 2016 740 2078; x_wconf 85' lang='lat' dir='ltr'><strong>utroque</strong></span> 
     </span>
     <span class='ocr_line' id='line_1_14' title="bbox 62 2103 628 2173; baseline 0 -15"><span class='ocrx_word' id='word_1_72' title='bbox 62 2105 94 2158; x_wconf 93' lang='lat' dir='ltr'><strong>In</strong></span> <span class='ocrx_word' id='word_1_73' title='bbox 107 2103 237 2158; x_wconf 85' lang='lat' dir='ltr'><strong>osthedra</strong></span> <span class='ocrx_word' id='word_1_74' title='bbox 248 2103 329 2173; x_wconf 85' lang='lat' dir='ltr'><strong>digne</strong></span> <span class='ocrx_word' id='word_1_75' title='bbox 341 2120 391 2172; x_wconf 91' lang='lat' dir='ltr'><strong>pro</strong></span> <span class='ocrx_word' id='word_1_76' title='bbox 399 2104 531 2172; x_wconf 83' lang='lat' dir='ltr'><strong>gravitate</strong></span> <span class='ocrx_word' id='word_1_77' title='bbox 543 2104 628 2158; x_wconf 84' lang='lat' dir='ltr'><strong>sedet.</strong></span> 
     </span>
    </p>

    <p class='ocr_par' dir='ltr' id='par_1_9' title="bbox 28 2199 838 2365">
     <span class='ocr_line' id='line_1_15' title="bbox 28 2199 838 2268; baseline -0.002 -14"><span class='ocrx_word' id='word_1_78' title='bbox 28 2200 138 2254; x_wconf 84' lang='lat' dir='ltr'><strong>Arbiter</strong></span> <span class='ocrx_word' id='word_1_79' title='bbox 149 2200 214 2252; x_wconf 87' lang='lat' dir='ltr'><strong>hino</strong></span> <span class='ocrx_word' id='word_1_80' title='bbox 227 2199 292 2252; x_wconf 85' lang='lat' dir='ltr'><strong>dicit</strong></span> <span class='ocrx_word' id='word_1_81' title='bbox 300 2199 429 2268; x_wconf 80' lang='lat' dir='ltr'><strong>legesque</strong></span> <span class='ocrx_word' id='word_1_82' title='bbox 442 2199 608 2267; x_wconf 85' lang='lat' dir='ltr'><strong>modumque</strong></span> <span class='ocrx_word' id='word_1_83' title='bbox 620 2200 736 2263; x_wconf 73' lang='lat' dir='ltr'><strong>bibendi,</strong></span> <span class='ocrx_word' id='word_1_84' title='bbox 836 2264 838 2268; x_wconf 65' lang='lat'>,</span> 
     </span>
     <span class='ocr_line' id='line_1_16' title="bbox 63 2294 730 2365; baseline -0.004 -14"><span class='ocrx_word' id='word_1_85' title='bbox 63 2296 185 2365; x_wconf 85' lang='lat' dir='ltr'><strong>Quoque</strong></span> <span class='ocrx_word' id='word_1_86' title='bbox 196 2295 363 2363; x_wconf 85' lang='lat' dir='ltr'><strong>propinanda</strong></span> <span class='ocrx_word' id='word_1_87' title='bbox 375 2301 417 2348; x_wconf 84' lang='lat' dir='ltr'><strong>est</strong></span> <span class='ocrx_word' id='word_1_88' title='bbox 430 2294 525 2347; x_wconf 89' lang='lat' dir='ltr'><strong>ordine</strong></span> <span class='ocrx_word' id='word_1_89' title='bbox 538 2296 637 2363; x_wconf 87' lang='lat' dir='ltr'><strong>cuique</strong></span> <span class='ocrx_word' id='word_1_90' title='bbox 649 2295 730 2350; x_wconf 85' lang='lat' dir='ltr'><strong>salus.</strong></span> 
     </span>
    </p>

    <p class='ocr_par' dir='ltr' id='par_1_10' title="bbox 28 2388 719 2553">
     <span class='ocr_line' id='line_1_17' title="bbox 28 2388 719 2458; baseline 0.001 -13"><span class='ocrx_word' id='word_1_91' title='bbox 28 2391 76 2445; x_wconf 87' lang='lat' dir='ltr'><strong>His</strong></span> <span class='ocrx_word' id='word_1_92' title='bbox 88 2391 203 2444; x_wconf 83' lang='lat' dir='ltr'><strong>tandem</strong></span> <span class='ocrx_word' id='word_1_93' title='bbox 214 2389 307 2443; x_wconf 85' lang='lat' dir='ltr'><strong>officiis</strong></span> <span class='ocrx_word' id='word_1_94' title='bbox 318 2388 438 2452; x_wconf 83' lang='lat' dir='ltr'><strong>functus,</strong></span> <span class='ocrx_word' id='word_1_95' title='bbox 454 2389 573 2458; x_wconf 85' lang='lat' dir='ltr'><strong>vinoque</strong></span> <span class='ocrx_word' id='word_1_96' title='bbox 584 2399 719 2458; x_wconf 85' lang='lat' dir='ltr'><strong>gravatus,</strong></span> 
     </span>
     <span class='ocr_line' id='line_1_18' title="bbox 61 2483 632 2553; baseline -0.004 -13"><span class='ocrx_word' id='word_1_97' title='bbox 61 2487 195 2540; x_wconf 91' lang='lat' dir='ltr'><strong>Nondum</strong></span> <span class='ocrx_word' id='word_1_98' title='bbox 208 2484 331 2552; x_wconf 88' lang='lat' dir='ltr'><strong>deposito</strong></span> <span class='ocrx_word' id='word_1_99' title='bbox 343 2489 422 2536; x_wconf 83' lang='lat' dir='ltr'><strong>nutat</strong></span> <span class='ocrx_word' id='word_1_100' title='bbox 434 2483 545 2553; x_wconf 87' lang='lat' dir='ltr'><strong>hiatque</strong></span> <span class='ocrx_word' id='word_1_101' title='bbox 557 2486 632 2538; x_wconf 91' lang='lat' dir='ltr'><strong>tubo.</strong></span> 
     </span>
    </p>

    <p class='ocr_par' dir='ltr' id='par_1_11' title="bbox 29 2580 678 2744">
     <span class='ocr_line' id='line_1_19' title="bbox 29 2580 678 2644; baseline -0.005 -7"><span class='ocrx_word' id='word_1_102' title='bbox 29 2583 93 2644; x_wconf 82' lang='lat' dir='ltr'><strong>Quae</strong></span> <span class='ocrx_word' id='word_1_103' title='bbox 105 2598 169 2636; x_wconf 88' lang='lat' dir='ltr'><strong>raro</strong></span> <span class='ocrx_word' id='word_1_104' title='bbox 181 2587 291 2641; x_wconf 83' lang='lat' dir='ltr'><strong>coeunt,</strong></span> <span class='ocrx_word' id='word_1_105' title='bbox 307 2586 334 2632; x_wconf 87' lang='lat' dir='ltr'><strong>et</strong></span> <span class='ocrx_word' id='word_1_106' title='bbox 347 2580 374 2632; x_wconf 92' lang='lat' dir='ltr'><strong>in</strong></span> <span class='ocrx_word' id='word_1_107' title='bbox 388 2595 443 2632; x_wconf 92' lang='lat' dir='ltr'><strong>una</strong></span> <span class='ocrx_word' id='word_1_108' title='bbox 452 2580 517 2632; x_wconf 90' lang='lat' dir='ltr'><strong>sede</strong></span> <span class='ocrx_word' id='word_1_109' title='bbox 530 2587 678 2643; x_wconf 87' lang='lat' dir='ltr'><strong>morantur,</strong></span> 
     </span>
     <span class='ocr_line' id='line_1_20' title="bbox 60 2675 666 2744; baseline -0.007 -12"><span class='ocrx_word' id='word_1_110' title='bbox 60 2677 120 2732; x_wconf 85' lang='lat' dir='ltr'><strong>lini</strong></span> <span class='ocrx_word' id='word_1_111' title='bbox 141 2676 191 2730; x_wconf 90' lang='lat' dir='ltr'><strong>ubi</strong></span> <span class='ocrx_word' id='word_1_112' title='bbox 202 2676 336 2744; x_wconf 85' lang='lat' dir='ltr'><strong>majestas,</strong></span> <span class='ocrx_word' id='word_1_113' title='bbox 351 2681 379 2728; x_wconf 87' lang='lat' dir='ltr'><strong>et</strong></span> <span class='ocrx_word' id='word_1_114' title='bbox 391 2675 425 2730; x_wconf 85' lang='lat' dir='ltr'><strong>sit</strong></span> <span class='ocrx_word' id='word_1_115' title='bbox 438 2675 561 2730; x_wconf 86' lang='lat' dir='ltr'><strong>habenda</strong></span> <span class='ocrx_word' id='word_1_116' title='bbox 572 2675 666 2744; x_wconf 86' lang='lat' dir='ltr'><strong>quies!</strong></span> 
     </span>
    </p>
   </div>
   <div class='ocr_carea' id='block_1_5' title="bbox 0 0 998 3398">
    <p class='ocr_par' dir='ltr' id='par_1_12' title="bbox 0 0 998 3398">
     <span class='ocr_line' id='line_1_21' title="bbox 0 0 998 3398; baseline 0 2"><span class='ocrx_word' id='word_1_117' title='bbox 0 0 998 3398; x_wconf 95' lang='lat' dir='ltr'><strong> </strong></span> 
     </span>
    </p>
   </div>
  </div>
 </body>
</html>
