1986 3398
310 175 405 211 naras
425 175 585 211 nuaacunrn.
802 163 852 218 157

43 313 105 368 Aut
117 313 201 374 hune,
216 320 264 366 aut
276 313 468 368 nullum-sua
478 331 539 382 pars
551 317 586 369 sit
599 317 698 385 cuique
712 289 809 370 laboris
821 339 828 378 ;

81 409 141 463 Aut
153 409 236 471 hunc,
252 416 301 462 eut
310 409 487 464 nullutn-sit
500 427 550 464 sua
561 410 660 480 cuique
674 411 760 481 quies.

44 505 174 560 Conditio
186 505 313 567 obtinuit,
335 506 404 558 nulli
415 506 541 560 violanda
553 514 645 577 togato
657 529 663 568 ;

80 601 227 656 Proximus
238 602 283 655 hic
294 602 407 664 iuribus,
421 604 562 670 proximus
576 612 635 658 esto
648 605 705 658 vie.

44 695 129 764 Optio
141 703 197 749 tam
209 696 331 764 prudeus
343 713 393 750 eur
405 713 461 750 non
473 699 528 753 huc
541 716 629 767 usque
641 708 749 755 retenta
761 703 822 756 est?

79 791 150 844 Tam
163 792 235 844 bona
246 807 296 845 eur
308 807 428 860 unquam
441 792 486 845 lex
498 794 631 847 abolenda
642 794 715 849 fuit?

43 887 173 948 Hobsoni
182 893 304 940 veterem
317 902 440 940 normam
454 903 582 942 revocare
596 898 735 944 memento
746 913 752 952 ;

78 983 180 1051 Tuque
192 983 293 1036 iterum
304 981 437 1045 Hobsoni,
456 982 566 1045 Granta,
582 984 685 1039 videbis
698 1003 792 1056 equos,

136 1567 140 1574 .
247 1494 391 1549 Plutus
412 1495 645 1549 RUBECULAE.

44 1722 113 1784 Qua
125 1722 175 1776 tibi
186 1723 282 1791 regalis
295 1724 426 1779 dederant
438 1726 595 1780 diadematis
608 1742 714 1787 aurum,

75 1817 149 1872 Dant
162 1826 190 1872 et
202 1817 348 1873 funereum
360 1820 430 1882 fane,
449 1820 542 1882 Maria,
557 1820 674 1874 tholum.

44 1913 165 1982 Quisque
177 1915 234 1968 suis
247 1915 361 1976 vicibus,
375 1923 469 1970 moesto
482 1923 556 1970 stant
569 1916 665 1969 ordine
676 1916 790 1975 flentem

75 2009 187 2078 Oreque
199 2010 289 2064 velatu
300 2011 408 2064 ioemina
420 2012 498 2065 triste
509 2011 578 2065 silet.

41 2104 124 2159 Parva
135 2107 192 2159 avis
205 2106 316 2169 interea,
331 2108 453 2162 residens
466 2109 494 2161 in
507 2108 609 2162 vertice
621 2123 737 2169 summo,

73 2201 181 2255 Emittit
194 2202 310 2256 tremula
321 2203 437 2272 lugubre
450 2221 518 2257 voce
530 2205 624 2258 melos.

40 2295 157 2366 Vespera
168 2315 219 2352 nec
232 2299 343 2361 claudit,
357 2316 409 2353 nec
421 2300 511 2354 lucem
528 2301 636 2354 Aurora
649 2299 774 2360 recludit,

74 2394 147 2455 Quin
161 2396 255 2449 eadem
269 2402 374 2464 repetat
385 2396 501 2450 funebre
514 2413 622 2450 carmen
635 2397 700 2450 avis.

39 2485 104 2543 Tale
116 2489 184 2543 nihil
197 2491 323 2545 dederint
335 2490 379 2544 vel
393 2491 548 2552 mausolea;
572 2490 665 2545 Mariae

74 2585 138 2640 Hae
150 2587 234 2655 pietas
247 2589 298 2642 soli
310 2589 402 2643 debita
410 2606 474 2642 vera
484 2587 546 2643 suit.

36 2677 151 2735 Venales
163 2682 295 2753 lacrymae,
307 2684 433 2753 jussique
444 2683 571 2737 facessite
582 2684 679 2743 fletus;

74 2776 229 2846 Sumptibus
242 2780 286 2833 hic
298 2780 381 2833 nuliis
394 2780 486 2833 luctus
498 2779 631 2833 emendus
644 2785 709 2831 erat.
