1994 3398
173 700 228 754 Au
248 698 496 756 RUBECULAM
517 693 740 752 INVITATIO.

46 943 157 1001 Horres
170 949 235 1012 evis,
250 951 364 1005 convive
376 951 456 1005 domo
471 949 622 1019 gratissima
634 948 728 1011 cuivis,

80 1044 174 1106 Quem
187 1045 283 1100 brume
294 1046 439 1100 humanum
452 1063 571 1116 quaerere
584 1046 657 1115 cogit
669 1061 756 1114 opem,

46 1137 107 1194 Huc
120 1159 138 1196 c
149 1139 157 1194 1
183 1141 300 1212 hyberni
313 1143 400 1214 fugies
413 1151 444 1198 ut
455 1145 556 1214 frigora
567 1143 632 1206 coeli,

78 1236 217 1305 Confuge‚
233 1245 261 1292 et
273 1239 417 1294 incolumis
429 1240 480 1294 sub
492 1241 548 1294 lere
561 1239 621 1293 vive
633 1255 711 1292 mec:

44 1334 124 1390 Unde
138 1343 216 1390 tuam
228 1337 345 1391 esuriem
357 1338 471 1400 releves,
485 1337 613 1390 alimenta
623 1335 748 1390 fenestre

77 1433 234 1502 Apponam‚
250 1435 356 1503 quoties
369 1434 445 1503 itque
458 1434 581 1503 reditque
593 1433 650 1486 dies
661 1453 668 1493 ;

44 1523 102 1583 Usu
115 1531 220 1584 etenim
232 1531 339 1594 edidici,
353 1532 428 1601 quod
439 1537 516 1600 grato
529 1531 656 1584 alimenta
668 1529 799 1598 rependes

77 1626 180 1690 Cantu,
195 1643 255 1696 quae
267 1627 372 1681 dederit
384 1643 494 1696 cunque
505 1626 623 1696 benigna
634 1642 739 1680 manus.

42 1807 111 1870 Vere
124 1831 208 1879 novo,
223 1816 320 1885 tepide
332 1817 434 1887 spirent
446 1834 510 1871 cum
522 1816 639 1871 molliter
651 1833 730 1879 uurae,

75 1913 113 1966 Et
125 1930 196 1966 suus
208 1913 236 1966 in
250 1914 343 1982 quavis
355 1916 450 1969 arbore
463 1921 558 1968 vernat
570 1914 666 1975 honos,

43 2009 93 2065 Pro
105 2011 189 2066 libitu
200 2012 235 2064 ed
246 2012 324 2066 lucos
336 2012 438 2075 redeas,
453 2011 597 2082 sylvasque
612 2011 720 2073 revisus,

75 2109 157 2163 Laetc
170 2108 268 2176 quibus
281 2115 389 2163 resonat
400 2109 504 2162 musica
519 2124 621 2178 perque
633 2114 702 2161 tuae:

41 2205 87 2258 Sin
99 2205 212 2267 iterum,
228 2205 270 2257 sin
281 2204 353 2258 forte
364 2205 471 2266 iterum,
486 2203 659 2257 inclementia
670 2204 771 2257 brume

76 2304 122 2356 Ad
136 2319 199 2355 meu
210 2301 335 2355 dilectem
348 2308 421 2356 tectu
432 2301 544 2355 reducat
555 2317 641 2362 avem,

42 2398 117 2462 Esto,
134 2398 230 2460 redux,
245 2404 323 2466 grato
335 2414 440 2451 memor
453 2404 511 2452 esto
524 2397 674 2466 rependere
683 2403 765 2451 centu

75 2495 190 2560 Pabula,
205 2512 264 2565 quae
276 2496 381 2551 dederit
393 2512 502 2565 cunque
515 2496 632 2566 benigne
643 2511 748 2549 manus.

4 2739 5 2750 ,
43 2685 87 2742 Vis
99 2689 166 2742 hinc
178 2687 331 2750 harmoniae,
346 2704 521 2742 numerorum
535 2686 598 2742 hinc
610 2703 686 2742 secra
696 2694 815 2755 potestas

77 2785 261 2854 Conspicitur,
276 2802 410 2855 nusquam
424 2785 614 2855 conspicienda
625 2785 727 2854 megin

43 2879 158 2936 Vincula
170 2882 244 2951 quod
255 2882 356 2936 stabilis
369 2881 520 2936 firmissime
532 2883 617 2936 nectit
629 2882 735 2945 umoris,

77 2980 194 3034 Vincula
206 2980 251 3034 vix
263 2980 345 3051 longe
357 2980 524 3036 dissociande
537 2981 589 3034 die.

697 3083 736 3130 13
