1986 3398
332 446 386 500 Ab
407 445 659 501 STEPHANUM
679 447 796 509 DUCK,

422 619 666 696 Ἐγκυμιαστιεόν.

168 811 250 866 Onu
263 811 402 871 humilem,
418 811 565 864 obscurum
577 811 640 872 vitu.
654 826 818 879 servumque
831 811 923 872 labore,

202 907 253 969 Te,
271 907 416 974 Stephane,
431 907 459 958 iu
471 906 563 960 lucem
575 906 675 960 rustioe
686 922 764 960 musa
776 913 861 959 vocat.

167 1001 337 1070 Principibus
349 1002 482 1070 placuisse
491 1002 556 1054 viris
567 1002 617 1055 tibi
629 1002 743 1070 contigit
758 1002 842 1063 Auis,

201 1097 239 1151 Et
250 1098 339 1150 minor
351 1105 393 1151 est
403 1097 476 1150 famu
488 1098 620 1166 Lauriger
630 1098 689 1166 ipse
700 1105 758 1151 tua.

167 1193 289 1248 Cuneo
297 1194 386 1263 jussu,
401 1200 509 1246 certum
521 1199 563 1246 est
575 1193 624 1246 tibi
635 1193 730 1260 pensio
739 1209 856 1251 munim

201 1289 244 1342 Te
255 1297 409 1343 curatorem
422 1289 513 1357 regius
526 1288 621 1341 hortus
633 1287 723 1340 habet.

164 1385 252 1454 Regis
262 1392 401 1453 praetereu,
413 1385 436 1438 si
447 1384 519 1437 fama
530 1391 572 1437 est
584 1383 685 1436 nuncia
696 1383 762 1445 veri,

201 1482 280 1537 Curae
292 1483 435 1535 mundatur
447 1480 609 1534 bibliotheca
620 1487 680 1536 tuae„

165 1578 225 1632 Nec
236 1578 308 1632 iustu
320 1584 412 1631 tamen
424 1576 495 1629 elata
506 1583 556 1638 est,
571 1575 684 1629 vultuve
696 1577 815 1643 superbo

200 1676 265 1729 Fert
277 1682 325 1729 tua
336 1674 452 1728 fortunae
463 1689 592 1742 prospers
603 1689 683 1730 musa
694 1673 777 1730 vices.

165 1772 225 1825 Nec
238 1778 379 1824 mutantur
390 1769 480 1824 adhue
494 1786 599 1829 mores3
619 1770 668 1822 sed
681 1776 708 1823 et
717 1770 763 1823 ille
775 1769 924 1828 modoetus

201 1867 250 1920 llle
262 1866 443 1928 verecundus,
458 1865 506 1934 qui
517 1865 601 1933 prius,
616 1881 704 1934 usque
716 1881 819 1918 manes.

165 1964 197 2016 In
210 1961 323 2016 modicis
335 1978 444 2030 oequus3
463 1961 594 2030 prudens,
609 1961 765 2014 moderatus
778 1962 806 2012 in
820 1960 891 2022 uitis,

200 2058 345 2126 Exemplar
357 2057 462 2125 mugnis
475 2063 542 2118 esto,
557 2056 601 2108 vel
610 2055 793 2128 opprobrium,

473 2486 644 2541 sU1cmA.

163 2667 192 2720 M
196 2684 261 2722 uses
274 2685 362 2723 meam
374 2671 469 2724 volitat
481 2671 583 2725 circum
595 2672 752 2740 importuna
764 2671 918 2730 lucernam.

198 2764 318 2834 Alusque
330 2767 447 2820 amburit
455 2767 512 2835 jam
524 2783 608 2836 prope
621 2767 733 2835 jamque
745 2783 817 2820 suas.

162 2858 237 2925 Saepe
250 2862 350 2927 repello
363 2879 445 2916 manu
455 2863 618 2924 venientem,
634 2870 670 2924 et,
688 2870 706 2893 ‘⁶
716 2863 839 2931 ineptula
850 2876 956 2915 musca,

199 2949 273 3008 (buu,
289 2954 343 3010 te‚”
355 2955 473 3019 inquam,
492 2956 630 3022 “impellit
639 2964 715 3011 tanta
726 2958 809 3011 libido
823 2956 899 3009 mori
907 2955 935 3007 ?''
