2036 3400
447 159 480 206 41

256 389 451 472 conrnon'
471 417 665 484 Quassus.

60 566 210 620 Dsessaos
221 573 312 636 pastor
324 583 417 622 secum
429 569 575 622 meditatus
586 585 691 622 amores

99 664 146 718 Ad
159 664 242 734 ripam
251 665 337 735 jacuit
348 666 535 734 pretereuntis
546 681 639 734 aqum

59 759 195 830 Dumque
206 763 363 816 recensebat
374 762 446 816 salse
457 761 574 830 perjuria
585 762 717 831 nymphe,

98 856 244 912 Lassatum
256 858 351 934 salices
363 858 519 912 sustinuere
531 864 621 926 caput.

61 952 218 1006 Audierant
229 953 341 1024 zephyri
353 969 448 1007 vocem
460 953 633 1022 gemitusque
645 953 770 1015 dolentis,

97 1049 137 1102 Et
149 1051 249 1104 mostis
263 1051 336 1105 venti
347 1067 529 1120 congemuere
541 1050 631 1104 sonis:

61 1146 198 1200 Audierat
207 1147 296 1208 rivaret
317 1164 500 1217 resonumque
511 1149 546 1201 ad
558 1164 698 1200 murmura
710 1163 840 1209 murmur,

99 1242 137 1296 Et
150 1251 276 1313 questum
288 1245 321 1298 nd
334 1252 447 1315 questus
459 1245 634 1314 ingeminavit
646 1261 722 1313 aqua.

61 1437 110 1491 Ah
117 1437 245 1490 miserum
253 1435 441 1506 Corydoneml
451 1444 478 1490 et
486 1437 585 1490 durum
592 1434 859 1490 anteomnialatuml

97 1533 235 1587 Tristibus
247 1533 288 1586 his
300 1533 451 1604 lacrymans
463 1534 576 1602 ingemit
588 1534 633 1587 ille
645 1533 732 1586 modis
747 1555 754 1592 ;

62 1630 190 1699 Adspexi
201 1630 318 1692 vultum,
330 1627 460 1700 lethoque
473 1631 540 1697 (heu
553 1630 641 1683 sidera
656 1628 749 1696 iniqua
757 1627 778 1696 l)

98 1725 144 1778 Ex
156 1723 201 1779 illo
214 1726 316 1779 intuitu
328 1733 395 1795 quot
407 1725 530 1796 graviora
542 1721 607 1778 tulit

60 1825 207 1892 Nusquam
216 1830 294 1877 tutus
307 1840 393 1884 ernau
415 1823 537 1892 Daphne
549 1821 615 1874 mihi
627 1819 713 1873 dulcis
726 1819 813 1888 imago

98 1918 233 1980 Ridentis,
249 1919 334 1973 dulcis
347 1935 435 1973 sermo
447 1919 584 1988 loquentis
597 1924 670 1970 erat:

59 2017 119 2070 Seu
132 2021 251 2076 caneret,
266 2014 364 2068 blando
376 2021 471 2082 eaptus
484 2012 673 2074 modulamine,
689 2014 796 2081 quando

98 2114 168 2167 Tam
181 2130 271 2175 suave.
287 2112 416 2174 exclamo,
431 2118 471 2173 tu,
485 2109 641 2172 Philomela,
656 2107 754 2164 oanesl

58 2311 139 2378 Saepe
151 2308 262 2377 quidem
274 2306 338 2369 dixi,
355 2305 527 2360 Miserebitur
540 2305 601 2365 illa;
621 2304 669 2358 sed
683 2305 756 2358 unde

97 2406 168 2459 Tam
180 2411 279 2458 nostre
290 2403 367 2458 lieret
380 2401 537 2456 rusticitatis
549 2399 663 2454 amans?

58 2503 143 2556 Unde
156 2501 230 2555 urbis
241 2501 413 2570 splendorem
426 2515 459 2552 ea
470 2499 559 2560 sciret,
575 2511 694 2566 opesque
707 2497 834 2563 superbas

96 2599 229 2652 Sordibus
241 2599 345 2667 exigue
356 2595 544 2665 posthabuisse
556 2609 626 2648 case
638 2591 645 2646 l

59 2697 212 2751 Credebam
226 2702 316 2750 tamen
330 2695 459 2764 ignarus;
479 2693 611 2761 rebarque
622 2690 696 2759 quod
709 2695 781 2742 esset

97 2793 174 2846 Inter
186 2792 292 2846 divitias
304 2791 466 2845 invenienda
477 2789 560 2842 fides:
664 2835 671 2850 ,

62 2889 147 2952 Quod
159 2904 253 2942 orasse
265 2895 376 2955 possent
389 2894 487 2948 vestes,
503 2886 646 2952 victusque
658 2881 763 2949 placere

95 2987 235 3048 Rusticus,
251 2995 332 3054 atque
344 2984 441 3039 humili
453 2985 504 3037 sub
517 2983 572 3036 lare
585 2987 674 3034 castus
687 2996 769 3032 amor.

711 3092 726 3126 a
737 3078 752 3124 3
