1982 3422
397 558 527 595 POCULUH
540 559 579 594 SIC
593 557 718 594 DIGTUE:

358 669 478 714 colb.
506 668 618 714 Tn1N.
644 665 771 714 CANT,

461 781 655 818 nouooarora.

161 899 285 952 iusrcnrs
299 901 371 953 fama
382 901 502 970 scyphus
516 908 566 962 est,
582 907 609 954 et
621 899 782 968 splendidus
796 917 862 961 usa,

199 995 254 1055 Qui
267 1011 347 1050 suum
360 997 393 1048 ab
406 993 558 1062 inscripto*
574 995 691 1047 carmine
704 1011 810 1047 nomen
825 995 912 1055 habet.
977 989 978 1026 ἶ

161 1091 322 1144 Nocturnus
335 1093 431 1144 studiis
443 1109 517 1159 saepe
529 1092 574 1145 ilie
586 1093 701 1162 adjutor,
716 1091 853 1146 alumnus

322 444 507 497 raurnn
537 441 803 500 ronanus&

977 917 978 988 i

198 1185 269 1239 Cum
282 1187 356 1240 solus
369 1187 469 1240 fruitur
483 1203 514 1240 se
525 1187 679 1255 fruiturque
690 1186 785 1238 libris:
977 1209 978 1288 p

162 1280 222 1335 Nec
235 1299 326 1335 comes
339 1283 469 1350 ingratus,
484 1291 587 1351 paeturn
601 1300 663 1336 curn
675 1283 777 1336 leniter
789 1282 892 1344 haurit.

198 1378 235 1431 Et
247 1377 332 1431 reficit
345 1395 405 1431 sese
417 1379 509 1431 lentus
522 1379 606 1432 odore
618 1378 685 1431 tubi.

163 1474 202 1528 At
214 1490 270 1526 non
285 1473 445 1527 immodicos
457 1474 563 1542 potanti
575 1473 673 1527 sufficit
682 1473 817 1532 haustusa

200 1567 331 1621 Mensura
343 1568 457 1637 cyathos
469 1569 515 1620 vix
527 1577 674 1635 superante
687 1569 766 1620 duos.

163 1663 327 1730 Quanquam
340 1679 391 1716 nec
404 1664 506 1724 titulos
519 1670 547 1715 et
558 1664 631 1716 avita
641 1663 758 1731 insignia
770 1663 894 1731 praefert.

200 1757 259 1810 Nec
271 1757 336 1825 quid
349 1764 493 1826 paupertas
505 1757 660 1811 ambitionis
672 1757 754 1811 habet
766 1779 774 1818 ;

164 1851 223 1906 Nec
238 1852 428 1920 Barringtonio
438 1853 539 1906 similes
551 1859 671 1907 ostentat
683 1853 813 1914 honores.

200 1949 372 2017 Cristamque
384 1956 412 2002 et
425 1956 543 2011 scutum,
558 1951 806 2019 sanguineamque†
821 1967 942 2005 manum:

165 2045 251 2112 Atqui
262 2045 345 2098 animi
357 2047 492 2107 memoria.
508 2047 632 2115 gratique
645 2055 686 2099 est
697 2047 818 2115 pectoris
833 2049 929 2106 indexr

200 2140 250 2192 Est
263 2141 342 2193 etiam
355 2141 383 2192 in
396 2157 478 2208 parvo
491 2157 605 2194 munere
618 2141 706 2194 dantis
718 2158 804 2202 arnor.
977 2119 978 2184 i

165 2235 284 2290 Nomina
296 2252 359 2288 cum
373 2237 475 2306 majora
487 2237 596 2306 scyphis
611 2237 733 2289 exederit
745 2244 819 2298 aetas,

201 2331 260 2384 Nec
273 2331 400 2384 distincta
412 2333 467 2385 suis
481 2349 532 2386 nec
545 2333 719 2385 memoranda
732 2332 805 2384 notis
816 2353 825 2390 ς

165 2425 272 2494 Pauper
285 2426 425 2479 Johannes
438 2427 504 2480 seris
518 2428 661 2480 testabitur
673 2427 759 2488 annia,

200 2523 296 2586 Versu,
312 2540 394 2592 quem
407 2524 530 2592 simplex,
546 2525 594 2577 sed
607 2524 658 2592 pia,
673 2540 752 2576 musa
764 2525 860 2585 canit;

166 2620 231 2672 Non
244 2637 304 2674 esse
316 2622 421 2689 argenti
434 2621 549 2688 pondus,
565 2620 638 2688 quod
652 2620 731 2680 dona,
746 2620 796 2671 sed
810 2637 876 2676 esse
977 2655 978 2672 2

202 2715 337 2772 Donantis
349 2723 478 2777 mentem,
495 2731 554 2783 quae
566 2713 684 2782 pretiosa
695 2713 768 2768 facit.

198 2854 211 2878 ”
232 2855 380 2903 inscribitur
392 2855 479 2920 poculo
491 2853 538 2901 boc
550 2853 688 2902 distichon:

230 2924 244 2945 ‘¹
254 2921 352 2982 Pauper
362 2919 378 2967 J
380 2923 498 2977 ohannes,
510 2919 591 2967 dictus
603 2925 751 2986 cognomine
761 2927 898 2987 Clarkaon.

254 2983 329 3030 Hunc
341 2986 456 3046 cyathum
468 2986 534 3032 dono
545 2983 703 3052 gratuitoque
714 2991 810 3040 dedit,”

200 3049 211 3103 t
233 3046 334 3106 Insigne
343 3049 473 3095 baronetti.
