1986 3398
296 173 407 218 ΔΩΡΟΝ
423 172 579 221 ¹AAffl'ON.
787 179 840 229 225

39 327 158 382 Credere
170 329 216 382 vix
228 331 338 398 poteris,
353 334 400 399 qui
410 332 479 385 risus
489 331 560 384 inter
573 332 718 394 edendum,

75 425 144 485 Quae
156 441 219 493 spes
231 432 388 492 pertentent
400 432 518 494 pectora,
534 426 615 494 quive
624 433 724 480 metus.

37 519 99 574 Rex
112 520 158 574 ille
170 517 329 590 in2noctem,
345 523 438 590 regina
450 529 563 576 vocetur
576 530 603 575 et
616 523 668 584 illa,

72 615 127 669 Cui
137 616 199 669 faba
211 617 363 685 contigerit,
379 619 579 686 contigeritque
590 618 669 671 cicer.

37 711 193 765 Praeticiunt
206 713 292 781 epulis
305 714 425 767 convive
436 721 604 782 utrumque;
624 713 740 768 salutem

71 808 110 861 Et
122 822 208 876 regno
221 810 450 880 optantes-omnia
461 810 549 863 inusta
557 810 649 864 brevi:

37 903 262 986 Regnum-unam
275 905 303 957 in
318 912 437 966 noctem,
452 905 475 959 si
488 906 523 958 sit
537 905 650 959 laetabile
661 905 766 969 saltem.

72 1000 192 1069 Imperio
204 1016 337 1053 annorum
351 1001 457 1054 dulcius
469 1017 529 1054 esse
541 1001 600 1054 rati.

274 1577 405 1631 ΔΩΡΟΝ
420 1569 601 1632 ἈΔΩΡΟΝ.

36 1778 121 1831 Crvns
134 1777 163 1830 in
177 1789 285 1844 campos
298 1775 405 1844 quoties
418 1777 558 1831 innubilus
570 1781 615 1832 eir

71 1873 164 1936 Elicit,
180 1879 208 1926 et
220 1872 343 1941 tepidum
356 1890 411 1936 ver,
428 1874 594 1944 zephyrique
605 1875 697 1936 leves;

34 1971 129 2038 Terga
140 1969 226 2030 bovis.
242 1967 286 2020 vel
298 1975 375 2037 terga
386 1969 452 2031 suis,
467 1970 532 2022 satis
544 1977 660 2038 utruque
673 1970 749 2033 salso.

71 2066 170 2134 Caupo
182 2066 355 2142 suburbanus
367 2065 458 2127 donat,
474 2073 505 2119 ut
518 2066 616 2135 hospes
629 2067 700 2120 edat.

33 2163 60 2216 N
62 2179 97 2216 ec
108 2161 200 2214 fraudi
211 2178 354 2215 successus
366 2162 442 2215 abest
455 2169 578 2230 optatum
603 2163 637 2216 ad
649 2163 761 2216 hamum

71 2258 165 2312 Gobio
176 2256 286 2311 festinat
298 2257 439 2326 plurimus,
456 2265 484 2310 et
496 2258 609 2325 capitur.

33 2356 161 2410 Conviva
173 2353 276 2408 insidiis
289 2355 420 2423 deceptus
433 2354 544 2422 editque
553 2355 679 2423 sititque;

73 2451 100 2504 N
102 2467 135 2505 ec
147 2450 240 2513 sentit,
255 2457 388 2518 quantum
398 2451 495 2504 crescit
508 2451 614 2504 edendo
627 2452 693 2506 sitis.

34 2549 101 2602 Non
114 2549 185 2602 odeo
198 2554 239 2600 est
251 2547 350 2616 largus,
365 2563 421 2600 non
434 2553 484 2608 est,
499 2563 581 2614 quem
594 2547 689 2609 credis,
704 2548 820 2602 amicus:

72 2644 111 2698 Ut
125 2644 226 2697 vendat
238 2650 342 2710 potum.
358 2643 404 2696 dat
415 2643 465 2696 tibi
477 2658 564 2711 caupo
576 2641 675 2695 cibum.
