1986 3398
251 731 370 784 CANIS
391 733 442 785 ET
463 733 581 787 ECHO.

25 917 107 970 Purus
120 917 147 968 in
159 916 224 968 eoelo
237 915 316 968 radiis
328 923 457 984 argentea
472 915 551 968 Luna

60 1013 91 1064 ln
106 1011 219 1064 Tamisis
232 1011 349 1064 tremula
360 1011 422 1064 luce
434 1011 539 1064 refulsit
551 1011 637 1079 aquis.

25 1108 164 1176 Improbus
176 1107 228 1160 hoc
241 1106 308 1159 vidit
320 1107 435 1168 catulus,
450 1106 615 1175 ringensque
627 1104 775 1174 malignum

58 1203 145 1257 Solvit
154 1203 182 1255 in
195 1202 320 1272 indignos
332 1219 380 1255 ora
391 1209 518 1270 proterva
529 1202 625 1256 modos
637 1223 643 1254 :

24 1299 183 1366 Lunamque
195 1297 222 1350 in
235 1297 309 1359 coelo,
324 1296 472 1365 lunamque
482 1313 625 1366 aggressus
637 1297 665 1350 in
678 1296 768 1357 undis,

59 1396 90 1447 ln
102 1394 177 1448 sidus
190 1393 289 1462 pariter
300 1411 388 1448 saevus
400 1376 635 1462 utrumqueturit.

25 1491 80 1544 Sub
91 1490 155 1559 ripis
166 1490 247 1543 latuit
259 1491 315 1544 fors
327 1490 501 1544 ulterioribus
514 1490 591 1552 echo,

60 1584 154 1638 Audiit
167 1591 195 1638 et
207 1600 289 1637 vanas
301 1584 405 1638 ludicra
417 1584 538 1654 nympha
550 1584 653 1638 minas:

27 1679 134 1739 Audiit;
155 1685 184 1732 et
196 1678 270 1732 rabie
281 1679 382 1732 rabiem
394 1679 559 1747 lepidissima
570 1680 671 1733 vindex

58 1776 160 1830 Ulaisci
171 1776 275 1838 statuit,
290 1791 393 1844 parque
404 1775 506 1830 referre
517 1777 583 1844 pari.

27 1870 71 1924 iile
82 1887 251 1940 repercussae
264 1873 395 1939 deeeptus
406 1872 524 1940 imagine
536 1873 619 1933 vocis,

58 1968 163 2022 lrarum
176 1967 320 2036 impatiens
328 1968 384 2037 jam
398 1967 491 2036 magis,
507 1974 604 2036 estque
616 1968 709 2036 magia.

28 2061 149 2117 Reddere
161 2064 274 2117 latratus
286 2063 374 2132 pergit
386 2063 525 2117 latratibus
539 2063 624 2124 ecbo;

60 2161 208 2229 Quemque
220 2160 294 2213 canis
307 2160 410 2221 statuit,
425 2168 515 2213 servat
528 2160 616 2229 imago
629 2161 751 2214 modum.

28 2256 147 2311 Tandem
161 2257 210 2311 ubi
221 2258 324 2310 lassate
334 2257 436 2320 fauces,
452 2264 480 2311 et
492 2257 610 2325 spiritua,
626 2264 653 2312 et
666 2274 739 2317 von

59 2354 193 2408 Defervet
205 2355 292 2408 rabies
303 2361 369 2416 tota,
385 2354 501 2423 siletque
514 2355 596 2407 canis.

28 2447 61 2501 Et
72 2459 181 2519 poterat
193 2451 300 2504 siluisse
312 2450 403 2517 prius;
423 2449 499 2502 furor
512 2451 601 2503 omnis
613 2450 731 2518 ineptus,

62 2546 215 2618 Omnisque
226 2547 255 2600 in
267 2563 328 2600 sese
340 2545 425 2599 futilis
437 2546 476 2600 ira
488 2546 566 2599 redit.
