1994 3398
256 157 403 194 oaorcauro
423 158 459 194 ao
480 157 583 193 ausser.
770 141 820 195 117

48 323 166 390 irrupta
177 319 274 389 copula
285 320 361 374 hisce
372 319 565 380 continebitur,

87 410 146 463 His
158 409 272 463 vinculis
284 408 442 470 firmabitur,

47 508 158 562 Validis
169 508 203 560 ab
214 507 293 560 anuis
304 507 338 559 ad
351 513 498 568 senectam,
514 505 538 558 si
552 511 608 558 tuae

87 605 205 659 Melissa
215 605 252 658 sit
264 605 324 658 vite
336 620 444 664 comesa

50 703 157 766 Quam,
174 701 276 764 Marce,
291 717 354 755 cum
367 701 484 754 ducetur
496 716 573 762 uxor,
589 697 668 767 elige,

89 798 252 866 Mensaque
264 802 419 852 consortem
432 802 459 850 et
471 796 533 849 tori.

185 1755 410 1812 DEDICATIO
432 1754 487 1809 AD
507 1755 667 1818 REGEMr

158 1964 188 2000 ΙΝ
202 1964 288 2002 iustus
300 1964 426 2001 canutam
440 1964 544 2001 narina
557 1963 689 2001 autumus.

16 2141 186 2192 Aucusuurr
201 2153 310 2199 nomen,
326 2144 419 2190 nostro
432 2137 479 2206 qui
491 2137 594 2205 primus
606 2137 635 2191 in
647 2136 708 2190 albo

16 2235 181 2304 Praei'uiges,
196 2235 345 2303 doctusque
356 2251 448 2304 auges,
464 2251 530 2304 quas
542 2235 670 2304 protegis,
684 2241 773 2295 artesr

15 2331 162 2387 Externos
174 2329 293 2398 digneris
306 2344 381 2397 opes,
391 2336 570 2399 vetcmmque
582 2337 727 2393 monetam,

16 2427 53 2482 Et
70 2427 172 2481 Romae
183 2425 304 2494 angliaco
314 2426 411 2480 librare
423 2427 586 2480 numismata
597 2427 683 2480 lance.

17 2525 74 2580 Hic
88 2523 163 2591 lege,
178 2538 253 2591 quas,
268 2522 332 2576 olim
346 2523 476 2591 neglecta,
492 2522 631 2576 Britannis
638 2522 733 2591 jactet,

19 2619 113 2684 Qucis
126 2635 225 2688 neque,
242 2619 342 2673 devicti
353 2619 445 2688 spoliis
457 2618 569 2672 orientis
583 2623 689 2678 onusta,

19 2718 115 2772 Roma
126 2715 287 2768 recensebat
298 2716 390 2784 plures
402 2715 453 2768 sub
468 2715 572 2768 Caesare
583 2731 677 2783 gazas:
705 2757 708 2760 .

21 2817 104 2877 Quot
116 2826 243 2879 campum
255 2812 408 2880 agminibus
419 2811 509 2880 stipet,
521 2827 575 2880 quo
587 2810 710 2871 fulmine,
721 2808 831 2878 quantis

20 2913 78 2968 Per
92 2925 168 2964 mare
181 2908 291 2962 diffusos
303 2908 401 2962 classes
414 2908 561 2961 terroribus
573 2913 667 2968 armet,

22 3012 59 3066 Et
70 3018 125 3064 tua
136 3023 217 3076 quam
229 3006 284 3060 iate
295 3005 395 3074 pandat
406 3003 504 3058 vexilla
515 3019 563 3071 per
574 3002 677 3055 orbem.
