1986 3398
325 161 558 212 ἜΞΑΗΜΕΡΟΝ.
787 161 835 210 201

27 317 188 387 Angelicus
203 318 305 370 circum
318 317 414 385 plausu
428 317 527 370 chorus
540 317 628 370 omnis
642 318 746 379 orabat,

28 412 145 467 Caelesti
157 420 254 467 auratae
266 421 418 466 sonuerunt
431 414 529 481 pollice
542 413 658 475 chordae,

27 509 68 562 Et
82 509 223 562 celebrant
235 522 331 562 cantus
344 510 434 578 magni
447 509 544 562 natalie
557 509 660 562 mundi.

68 603 213 658 Continuo
226 612 323 658 tenues
335 622 413 658 auras
426 621 508 673 super
521 605 612 658 omnia
624 621 735 668 numen,

29 700 105 752 Late
117 699 319 753 firmamentum
332 701 436 769 ingens,
453 701 595 768 expandit3
617 707 648 753 ut
662 701 715 754 illic

31 795 182 862 Suspensae
193 812 210 848 a
221 796 299 848 terris
311 797 399 858 undae,
414 796 551 864 gelidique
563 797 685 849 volarent

30 890 150 952 Imbres,
166 897 194 943 et
206 891 322 958 gravidae
334 899 441 944 maturo
453 892 569 958 fulmine
582 893 678 954 nubes,

30 986 251 1054 Degenereeque
264 987 405 1039 hominum
418 993 526 1039 motura
538 987 659 1039 tonitrua
671 994 777 1040 mentes
789 1008 796 1038 ι

31 1080 242 1149 Imperiumque
255 1083 329 1135 dedit
343 1083 439 1145 ventis,
454 1091 601 1151 motusque
620 1082 692 1136 ciere

31 1176 138 1238 Jussit3
159 1194 195 1230 ne
207 1177 290 1231 nimio
302 1179 491 1247 languesceret
502 1196 568 1232 aura
580 1179 677 1240 calore,

35 1272 222 1340 Colligeretve
234 1273 315 1327 simul
327 1275 400 1327 diros
413 1275 524 1327 immota
536 1290 649 1341 vapores
660 1297 667 1334 ς

35 1371 82 1422 Ne
94 1370 160 1422 vitae
172 1368 234 1422 sons
246 1369 304 1437 ipse
315 1386 363 1438 per
376 1385 461 1438 egros
474 1377 612 1439 spargeret
624 1379 699 1423 artus

36 1467 194 1534 Purpureas
207 1473 305 1534 pestes,
322 1475 349 1520 et
361 1474 442 1520 certae
454 1468 559 1521 semina
571 1468 673 1520 mortis.

74 1561 217 1615 Obductas
229 1562 277 1614 sed
290 1562 379 1615 adhuc
392 1563 513 1616 celabant
526 1579 634 1631 aequora
645 1570 738 1624 terras,

37 1658 141 1712 Omnia
153 1665 254 1725 pontus
267 1667 362 1720 erent;
378 1659 460 1728 jussit
473 1676 536 1712 cum
549 1661 647 1713 cedere
658 1660 759 1712 fluctus

37 1754 224 1821 Omnipotens
239 1733 346 1822 Opiter,
362 1755 498 1822 undisque
511 1755 643 1808 immensa
655 1753 790 1822 profunda

36 1850 183 1904 Perrexit:
200 1849 282 1917 jussa
295 1850 394 1913 subito,
410 1851 485 1904 velut
497 1850 697 1916 agminalium,

37 1945 287 2014 Conglomerantur
296 1963 388 2014 aquae;
408 1947 546 2000 madidum
557 1953 637 2014 caput
649 1946 735 2000 exerit
744 1946 824 2000 undis

38 2043 164 2104 Fundus,
179 2050 207 2096 et
218 2043 246 2094 in
259 2043 342 2096 valles
355 2043 417 2096 hinc
431 2060 460 2096 se
474 2043 608 2096 submittit
620 2051 734 2111 apertas,

40 2138 141 2192 Aerios
154 2137 227 2190 illinc
239 2139 338 2192 tollens
350 2140 384 2191 ad
396 2139 484 2192 sidera
496 2146 611 2192 montes.

41 2235 171 2289 Inclusus
183 2236 258 2288 savit
270 2236 406 2289 minitanti
419 2253 558 2289 murmure
570 2243 680 2304 pontus

41 2331 209 2399 Attollitque
220 2331 280 2394 iras,
296 2339 324 2384 et
336 2339 445 2386 montes
459 2333 544 2385 volvit
559 2348 698 2400 aquarum.

40 2423 170 2480 Frustra!
189 2432 333 2494 perpetuas
346 2434 448 2480 naturae
459 2428 588 2494 providus
601 2434 697 2481 auctor

42 2522 180 2591 Opposuit
193 2523 286 2584 moles,
301 2533 383 2592 atque
395 2525 576 2591 insuperabile
588 2525 674 2578 littus.

43 2619 99 2673 Sed
111 2619 224 2686 sparsim
238 2619 299 2672 latis
312 2621 436 2674 errabant
448 2622 560 2674 flumina
572 2622 681 2688 campie,

45 2714 193 2768 Manabant
204 2714 286 2781 gelidi
299 2715 371 2767 vario
383 2716 535 2770 sinuamine
547 2717 645 2776 fontes,

43 2809 128 2864 Dulei
139 2825 188 2878 per
200 2825 298 2876 pronas
310 2811 476 2878 trepidantes
489 2827 628 2866 murmure
641 2810 711 2879 ripas
722 2832 729 2870 ς

46 2907 90 2960 Ne
102 2906 197 2960 sitiens
209 2913 281 2960 terra
293 2905 422 2961 informes
434 2909 549 2976 aperiret
562 2908 660 2968 hiatus,

48 3002 90 3056 Ne
102 3002 200 3057 sterilis
211 3001 291 3065 foret,
305 3009 388 3071 atque
400 3004 502 3072 ignava
514 3018 624 3068 campus
636 3017 732 3055 arena.
