1986 3398
204 519 370 572 STRADAE
394 517 644 572 PHILOMELA.

22 685 171 740 Prsronerr
185 687 288 740 audivit
301 688 408 740 calamis
425 687 574 740 Philomela
586 693 737 746 canentem,

51 783 86 836 Et
100 782 191 836 voluit
203 790 302 836 tenues
315 783 372 851 ipsa
385 782 486 836 referre
500 783 596 835 modos
608 805 614 841 ;

23 877 75 944 Ipsa
88 878 239 931 retentavit
251 893 390 938 numeros,
406 876 555 945 didicitque
567 883 707 930 retentans

53 975 194 1044 Argutum
205 973 259 1026 fida
271 974 386 1027 reddere
399 991 466 1026 voce
480 973 574 1026 melos.

23 1068 112 1124 Pastor
126 1071 283 1124 inassuetus
297 1071 407 1124 rivalem
420 1070 500 1132 ferre,
516 1070 655 1124 misellam*

52 1165 193 1219 Grandius
204 1165 239 1217 ad
250 1182 359 1218 carmen
372 1171 509 1233 provocat,
526 1172 606 1233 urget
618 1182 705 1218 avem.

22 1259 117 1330 Tuque
127 1261 211 1315 etiam
220 1261 248 1313 in
260 1261 385 1314 modulos
395 1261 491 1330 surgis,
506 1261 671 1322 Philomela;
685 1263 733 1315 sed
742 1262 826 1331 impar

52 1356 171 1419 Viribus,
186 1357 241 1410 heu
254 1357 347 1425 impar,
364 1357 550 1426 exanimisque
563 1342 644 1410 cudis.

23 1447 125 1506 Durum
139 1450 296 1506 certamen!
317 1452 401 1505 tristis
415 1450 544 1504 victorin!
565 1460 675 1506 cantum

55 1547 184 1602 Maluerit
197 1555 288 1616 pastor
301 1563 356 1600 non
370 1549 514 1614 superasse
527 1553 615 1600 tuum.

329 1929 517 1983 PYRAMIS.

25 2084 197 2140 Prrrurnurr
211 2094 345 2154 sumptus,
361 2087 394 2138 sd
407 2086 503 2138 coelum
518 2092 546 2138 et
558 2087 646 2139 sidera
658 2087 741 2148 ducti,

57 2185 133 2245 Quid
146 2183 259 2252 dignum
273 2189 349 2235 tanta
361 2181 442 2243 mole,
457 2181 523 2249 quid
536 2182 610 2235 intus
623 2183 744 2236 habent?

26 2279 81 2334 Ah!
102 2279 171 2332 nihil
181 2279 256 2332 intus
265 2279 374 2338 habent,
387 2279 438 2330 nisi
450 2278 556 2346 nigrum
569 2278 686 2332 informe
698 2281 826 2339 caderem

56 2376 163 2429 Durata
173 2377 201 2428 in
214 2391 311 2428 saxum
325 2381 366 2426 est
378 2373 423 2426 eui
435 2363 567 2426 medicata
579 2389 650 2427 cero.

25 2469 132 2540 Ergone
144 2471 290 2539 porrigitur
303 2475 512 2522 monumentum
525 2468 553 2521 in
563 2468 661 2536 jugera
672 2468 748 2522 totai

56 2567 132 2636 Ergo
145 2574 187 2620 tot
199 2581 342 2628 annorum,
357 2573 399 2618 tot
412 2579 598 2633 manuumque
609 2561 701 2617 labori

26 2661 133 2732 Integra
145 2663 179 2716 sit
191 2677 298 2715 morum
311 2661 360 2714 tibi
372 2661 443 2720 vita3
464 2661 519 2714 haec
532 2659 650 2729 pyramis
663 2667 738 2714 esto:

58 2759 93 2812 Et
105 2765 237 2826 poterunt
249 2756 357 2811 tumulo
370 2773 418 2810 sex
431 2756 495 2809 setis
508 2771 568 2809 esse
580 2756 672 2823 pedes.
