2002 3400
411 159 462 212 tsi

30 406 31 412 ‘
68 424 278 480 rsouocus
300 425 354 480 nu
377 427 573 483 rusunrrr
595 430 794 486 nnuman.

32 589 76 641 Ur
88 589 168 642 vitam
179 591 344 659 inspicerent
356 590 506 654 hominum,
521 592 688 661 propiusque
699 593 807 646 tuendo¹

66 684 222 738 Formarent
234 701 324 739 mores
339 685 421 740 Graia
428 686 544 755 juventa
555 703 636 747 suos;

32 779 114 839 Quod
126 779 246 833 deforme
258 779 310 833 fuit
322 780 387 843 vitii,
404 781 533 834 comoedia
550 781 638 850 prisce

66 873 162 927 Coram
175 875 360 942 spectandum,
375 891 427 928 nec
440 876 499 928 sine
510 875 583 937 felle,
599 875 682 929 dedit.

30 971 113 1032 Quod
124 971 260 1024 mediocre
272 970 332 1033 luit,
347 972 427 1026 venia
438 973 512 1040 quod
524 972 642 1041 dignius,
658 971 726 1026 illud

64 1067 212 1135 Descripsit
225 1068 312 1122 multo
324 1084 402 1123 musa
409 1069 505 1138 jocosa
517 1068 582 1122 sale.

27 1165 89 1218 Nec
101 1165 180 1218 dulce
192 1165 314 1234 egregiis,
330 1182 381 1220 nec
394 1165 480 1220 deluit
493 1165 560 1219 utile
572 1166 670 1228 scenis,

65 1259 148 1320 Quod
161 1260 315 1323 delectaret,
330 1262 459 1330 quodque
471 1268 595 1316 moneret
607 1261 690 1315 idern.

27 1355 180 1409 Transtulit
191 1373 208 1408 a
221 1355 326 1410 Graecis
344 1357 475 1425 placidam
487 1356 602 1411 feliciter
614 1364 701 1411 artem

62 1449 160 1513 Roma,
174 1451 231 1518 pari
239 1451 331 1505 studio
343 1451 511 1520 consilioque
524 1451 597 1520 pari:

27 1546 167 1613 Quodque
178 1545 235 1600 stris
247 1546 336 1600 iuerat
348 1564 396 1615 per
408 1547 506 1600 saecula
517 1554 590 1600 retro
606 1545 765 1610 Menander,

62 1640 94 1693 ld
108 1656 218 1709 quoque
231 1641 361 1694 Romanis
376 1639 489 1695 Publius
506 1640 572 1695 Aler
586 1648 651 1694 erat.
751 1690 755 1699 .

25 1736 189 1805 Simplicitas
202 1737 295 1790 eadem
309 1745 351 1792 est
363 1738 505 1800 scribendi,
521 1737 671 1806 eademque
684 1745 829 1798 venustasr

62 1830 139 1885 Casti
150 1839 215 1884 suut
227 1847 323 1886 omnes
330 1832 498 1901 ingenuique
510 1832 589 1886 sales.

24 1926 169 1980 Concinna
181 1934 223 1980 est
234 1927 359 1990 brevitas,
376 1935 404 1981 et
415 1943 483 1997 pura
495 1929 590 1991 oratio,
605 1929 735 1997 quicquid

58 2021 162 2074 Dicere
175 2021 234 2075 vult
246 2037 340 2075 servos
351 2022 449 2086 sabula,
464 2023 593 2092 quicquid
606 2023 696 2077 heros.

23 2117 110 2180 Simo,
125 2133 211 2170 senex
223 2118 336 2186 pulchre
349 2119 484 2182 cordatus,
498 2119 568 2172 lenis
581 2119 609 2172 in
623 2119 662 2172 ira
674 2127 733 2182 est;

59 2211 135 2266 Cum
147 2212 230 2275 dolet,
244 2220 292 2266 aut
305 2213 436 2282 queritur,
451 2230 515 2268 cum
527 2214 700 2285 lacrymatur,
715 2216 807 2270 homo.

22 2307 142 2376 Ingenio
150 2307 270 2376 iuvenis,
285 2309 331 2377 qui
344 2309 464 2372 nomine,
481 2308 639 2378 Pamphilus
651 2311 732 2375 idem,

58 2403 140 2456 Nulli
151 2402 302 2468 hominum,
318 2404 406 2459 officio
415 2406 577 2474 velpietate,
592 2407 678 2461 deest.

19 2499 166 2551 Natumve
177 2505 225 2550 aut
236 2505 340 2566 patrem
349 2500 426 2568 juste
437 2501 605 2568 perpendite,
620 2514 677 2564 non
689 2509 732 2556 est

57 2595 152 2648 Natus
163 2594 310 2658 amabilior,
325 2595 499 2650 candidiorve
511 2604 595 2665 pater.

15 2691 92 2745 Tam
105 2693 180 2746 bene
191 2697 295 2745 morata
306 2700 355 2756 est,
372 2693 459 2747 nitido
471 2701 526 2746 tam
538 2694 619 2762 plena
630 2693 723 2762 lepore

57 2787 175 2850 Andria,
187 2803 269 2856 quam
280 2788 357 2843 vobis
369 2805 426 2842 nox
438 2789 570 2843 hodierna
581 2796 664 2858 parat.

12 2883 81 2938 Nos
93 2883 168 2938 incili
181 2883 279 2952 erigite
291 2883 324 2938 ol
345 2885 409 2948 risu,
425 2885 577 2955 plausuque
590 2887 720 2949 secundo,

57 2979 172 3034 Ludere
184 2980 232 3048 qui
244 2981 342 3049 pariter
352 2982 480 3036 discimus
494 2989 521 3034 et
533 2999 636 3050 sapere.

651 3083 721 3131 113
