1994 3398
43 607 176 662 llUTUA
192 607 507 664 BENEVOLENTIA
529 608 729 663 PRIMARlA
752 609 831 663 LEX

291 761 466 816 NATURAE
487 763 570 818 EST.

41 973 91 1028 Pru
104 975 197 1045 Libyae
212 975 363 1028 Androcles
375 975 459 1028 siooas
472 975 578 1028 errabat
590 991 693 1036 arenas,

70 1073 126 1134 Qui
137 1089 221 1141 vagus
233 1073 332 1126 iratum
343 1072 451 1142 fugerat
464 1072 528 1126 exul
541 1073 646 1126 herum.

41 1167 145 1222 lassato
158 1164 277 1230 tandein,
290 1168 431 1236 fractoque
443 1168 535 1222 labore
549 1169 661 1231 viarum,
714 1239 717 1245 Ι

70 1264 114 1316 Ad
126 1264 231 1333 scopuli
242 1265 329 1333 patuit
341 1282 410 1318 oaeoa
422 1282 538 1319 caverna
548 1265 629 1319 latus.

41 1361 112 1417 Hane
121 1362 210 1422 subit;
231 1369 258 1415 et
270 1363 378 1430 placidae
390 1362 501 1416 dederat
514 1362 560 1415 vix
570 1363 690 1416 membra
703 1362 796 1432 quieti,

71 1459 140 1514 Cum
152 1460 243 1513 subito
256 1459 379 1513 immanis
392 1460 464 1528 rugit
476 1460 510 1512 ad
522 1467 600 1512 antra
610 1460 668 1513 leo:

40 1553 83 1609 Ille
95 1558 192 1625 pedem
204 1556 332 1610 attollens
344 1557 445 1620 laesum,
462 1563 489 1611 et
502 1557 653 1611 miserabile
665 1573 789 1611 murmur

69 1651 168 1716 Edem,
181 1669 235 1723 qua
246 1660 350 1722 poterat
362 1671 437 1716 uoce,
453 1660 578 1722 precatur
590 1669 679 1722 opem.

40 1749 180 1804 Perculsus
192 1750 312 1804 novitate
324 1750 371 1810 rei,
385 1750 560 1819 incertusque
572 1750 677 1812 timore,

71 1845 121 1900 vix
133 1847 243 1900 tandem
255 1847 383 1900 tremulas
396 1847 523 1900 admovet
536 1862 596 1900 erro
611 1862 706 1899 manus
719 1867 725 1898 ε

40 1940 74 1994 Et
85 1943 187 2011 spinam
201 1942 343 2011 explorans
356 1943 430 2010 (nam
443 1942 497 1995 fixa
508 1942 536 1995 in
550 1942 663 1996 vulnere
675 1941 752 2010 spina

73 2039 208 2108 Haerebat)
223 2046 303 2093 cauto
316 2039 432 2093 molliter
445 2055 538 2107 ungue
550 2038 642 2092 trahit.

42 2136 175 2191 Continuo
189 2137 266 2190 dolor
279 2135 366 2188 omnis
379 2135 442 2198 abit,
457 2142 528 2188 teter
539 2136 599 2189 fluit
612 2135 710 2190 humor
721 2157 728 2198 ;

72 2231 108 2285 Et
119 2233 183 2295 coit,
198 2232 319 2285 absterso
332 2231 471 2300 sanguine.
487 2237 566 2300 rupta
578 2232 656 2285 cutia.

43 2327 117 2383 Nunc
130 2331 229 2384 iterum
243 2328 332 2398 sylvas
345 2329 496 2396 dumosque
508 2338 645 2398 peragram
667 2336 695 2384 et
706 2329 784 2382 affert

73 2424 206 2479 Providus
218 2424 338 2478 assiduas
351 2424 448 2492 hospes
461 2424 495 2477 ad
507 2432 584 2477 antra
595 2425 685 2493 depes.

42 2519 119 2576 Juxta
131 2523 218 2590 epulis
230 2521 365 2574 accumbit
377 2521 460 2574 homo
473 2522 587 2574 convivo
598 2521 693 2583 leonis,

75 2617 132 2672 Neo
144 2619 245 2672 crudos
258 2617 362 2671 dubitat
373 2617 532 2686 participare
545 2618 627 2671 cibos.

46 2711 107 2772 Quis
119 2723 210 2770 tamen
223 2715 275 2768 ista
286 2713 354 2767 ferat
367 2713 480 2767 desertae
492 2715 569 2768 toedia
581 2711 658 2767 vitael

74 2809 124 2864 Vix
135 2813 212 2866 furor
225 2811 322 2865 ultoris
335 2810 436 2863 tristior
450 2819 522 2866 esset
535 2811 601 2866 heri.

46 2903 176 2964 Devotum
188 2910 271 2964 certis
283 2917 364 2978 caput
376 2910 513 2979 objectare
524 2906 647 2978 periclis,

76 3003 110 3058 Et
122 3009 222 3075 patrios
235 3007 332 3060 statuit
345 3023 439 3061 rursus
450 3005 525 3058 adire
536 3003 613 3056 lares.
