1994 3398
287 181 351 218 ΗΕΒ
371 183 422 218 FER
441 183 567 218 Taursln.

33 315 96 371 Mox
107 318 156 372 ubi
168 317 243 370 nuda
255 317 337 384 pedes
351 325 378 371 et
391 334 446 370 non
459 317 610 385 improvida
622 317 701 370 turba

31 410 188 479 Dispersum
201 413 228 464 in
241 412 337 465 mediis
349 414 493 466 carbonem
507 411 609 480 colligit
621 411 710 473 undis,

31 505 174 574 Coeperunt
185 507 286 560 fluctus
296 506 437 560 salientem
450 506 575 559 attollere
587 522 693 573 proram
703 527 710 563 3

31 601 176 670 Naufragio
187 602 295 654 infamis
306 602 383 655 locus
396 601 439 652 hic
454 600 581 668 undaque
592 599 710 652 furente.

31 697 182 750 arboreum
195 697 305 750 tandem
317 697 410 749 lucum
423 695 583 765 sylvamque
596 694 721 746 videmus

31 793 176 847 Ordinibus
189 794 323 846 celebrem
336 793 423 852 variis,
439 792 485 845 ubi
497 791 607 844 densior
621 790 675 843 ilex

30 889 152 943 Occursu
166 889 244 942 viridi
257 889 355 942 nimios
368 889 515 942 defendere
521 887 596 941 'soles

29 983 89 1038 Rite
101 992 192 1054 queat,
203 985 314 1053 junctas
326 985 406 1038 ramis
418 983 586 1036 sociantibus
600 983 719 1042 umbras

30 1080 91 1133 llaeo
103 1083 183 1134 sedes
194 1081 257 1134 olim
270 1081 347 1134 saevis
361 1081 430 1134 male
443 1087 508 1132 nota
521 1078 630 1131 duellis:

30 1177 84 1229 Nec
97 1185 186 1230 tantas
199 1175 285 1230 nostis
297 1176 396 1229 diffuso
408 1173 541 1243 sang'uine
553 1175 639 1228 cades

29 1271 88 1333 Vos,
103 1273 199 1340 campi,
215 1273 312 1325 domus
326 1279 367 1325 est
380 1289 434 1340 qua
449 1272 616 1332 Montacuta,
631 1275 764 1337 patentes.

29 1366 118 1420 Laesus
131 1367 219 1420 honor
231 1367 363 1436 siquando
374 1367 494 1420 fremens
504 1365 647 1434 opprobria
658 1365 730 1418 ferre

30 1462 144 1523 Nesciat,
159 1469 207 1514 aut
218 1461 315 1514 furiosi
326 1462 409 1514 animi
420 1460 593 1528 implacabilis
606 1461 694 1513 ardor.

30 1557 176 1612 Confestim
189 1558 292 1611 ultricis
304 1565 397 1626 poscat
410 1557 558 1611 certamina
569 1572 667 1625 pugnae

27 1653 177 1722 Impatiens,
193 1655 337 1722 solumque
350 1654 415 1707 velit
427 1653 479 1707 sibi
491 1653 589 1706 damna
598 1651 711 1719 rependi

30 1748 119 1804 Martis
130 1752 165 1803 ad
177 1751 335 1804 arbitrium:
356 1751 404 1804 sed
417 1766 468 1803 neo
481 1748 649 1818 pugnacibus
661 1753 729 1815 aptoe

29 1843 74 1898 Hae
86 1853 201 1905 tantum,
216 1853 263 1898 aut
276 1845 344 1898 lethi
353 1845 417 1898 solis
427 1843 585 1896 horroribus
599 1843 701 1895 umbrae

30 1939 165 2009 lnsignes;
186 1941 288 2008 epulas,
304 1941 381 2009 queis
394 1946 459 1992 sunt
471 1939 598 1992 convivia
609 1954 687 1998 cura,

30 2035 180 2090 Nocturnas
193 2036 248 2090 huc
261 2053 332 2104 saepe
343 2035 452 2094 ferunt;
475 2034 528 2086 huc
541 2049 611 2102 sape
623 2050 672 2102 per
686 2033 771 2086 undas

29 2131 134 2201 Delapsi
145 2132 272 2200 placidas,
288 2132 363 2184 venti
375 2148 437 2184 oum
450 2131 561 2199 ponitur
574 2131 620 2192 ira,

30 2227 172 2282 Harmonia
184 2229 321 2282 oblectant
336 2227 462 2288 Tamum,
478 2226 666 2296 nymphasque
683 2243 821 2302 sequaces,

32 2326 140 2380 Advecti
152 2325 240 2378 tacitae
251 2340 299 2392 per
312 2323 421 2376 conscia
432 2322 535 2375 lumina
547 2323 631 2376 lurrae.
