2036 3400
357 175 387 210 {N
408 175 564 212 minuentur.

168 313 247 366 Mors
259 321 287 367 et
299 315 486 383 sepulchrum·
497 319 593 381 cedite,
613 321 709 383 cedite,

170 409 271 464 Vinoiis
283 410 393 473 solutis;
407 429 469 465 narn
482 415 596 468 moritur
608 416 697 479 modo,

206 505 244 559 Ut
256 507 353 571 vincet,
369 515 397 562 et
410 509 494 562 victor
507 511 623 580 resurgit

241 602 286 655 Ad
298 619 410 674 superos
423 605 509 669 Deus,
524 613 555 660 ut
566 607 722 677 triumphet.

149 920 190 973 IN
211 919 397 976 REDITUM
419 921 568 977 CAROLl
590 924 770 988 suevum,

368 1045 439 1099 Men
452 1063 534 1100 xxrx.

53 1167 125 1218 Lux
136 1164 206 1218 elme
219 1172 246 1222 et
258 1183 349 1220 cresso
361 1184 467 1236 semper
479 1168 609 1237 signando
619 1169 708 1238 lapillo
722 1179 770 1234 est,

94 1259 199 1323 Carole,
214 1276 276 1330 quse
289 1263 378 1331 regnis
387 1270 426 1324 te,
441 1263 489 1317 tibi
501 1280 584 1332 regna
596 1266 670 1319 dedit
675 1288 686 1326 ·;

52 1357 128 1418 Quae
139 1373 196 1410 non
209 1365 240 1410 ut
252 1373 357 1427 semper
369 1359 460 1427 pntriae
472 1377 556 1429 vagus
568 1361 632 1414 exul
644 1364 751 1417 obesses

92 1453 183 1516 Passa,
199 1453 276 1508 dedit
284 1455 408 1510 menibus
419 1456 510 1510 debite
521 1464 627 1526 sceptra
637 1459 701 1512 tuis.

52 1553 121 1613 Qus
133 1552 222 1606 scelus
235 1552 386 1606 extinctum
398 1553 492 1623 positis
505 1554 627 1609 civilibus
638 1557 726 1619 ermis,

93 1647 157 1710 Qua
167 1647 243 1703 furor
256 1655 283 1702 et
296 1649 369 1703 dirus
382 1649 521 1704 seditionis
533 1667 616 1704 umor.

52 1750 80 1803 Ο
101 1749 173 1809 date,
189 1747 243 1811 Dii,
257 1755 386 1802 secretam
399 1747 516 1808 habeant
528 1749 600 1803 hene
613 1766 700 1820 usque
713 1761 841 1821 nepotes;

90 1846 130 1900 Ut
143 1862 209 1900 suus
222 1845 285 1900 huie
293 1845 349 1899 luci
360 1845 403 1906 sit,
418 1847 488 1908 dete,
503 1863 610 1915 semper
622 1847 717 1901 honos.

50 1943 198 2023 Caroliden
210 1942 259 1996 lux
272 1959 326 1997 una
337 1943 420 2005 dedit,
434 1944 483 1996 lux
495 1944 611 1998 reddidit
624 1963 692 2005 une3

88 2041 188 2105 Dicite,
204 2058 270 2098 num
280 2041 366 2110 majus
379 2041 444 2111 qnid
457 2041 530 2094 dedit
544 2059 598 2096 une
610 2043 686 2100 dies?

306 2285 348 2346 IN
368 2286 598 2348 MILTONUM.

48 2428 192 2482 Mnxrnns
204 2425 320 2494 antiquis
333 2424 430 2478 venisti
442 2425 572 2479 moenibus
582 2425 682 2494 hospes

44 2526 110 2579 Jam
123 2522 242 2583 tandem,
257 2521 398 2590 nitidoque
409 2537 504 2590 graves
516 2521 543 2575 in
557 2538 689 2578 marmore
703 2523 793 2576 vultus

46 2621 148 2690 Erigis,
163 2637 180 2673 o
193 2621 285 2682 decus,
300 2636 317 2672 o
330 2620 397 2674 tanti
409 2619 468 2674 leus
480 2619 581 2688 optima
592 2618 673 2674 tecti!

48 2719 110 2772 Nee
119 2717 180 2772 talis
193 2717 280 2786 priseo
294 2716 450 2772 cheucerus
463 2718 589 2772 conditur
600 2717 695 2786 ingens

47 2817 81 2870 ln
95 2814 203 2871 tumulo
215 2823 298 2883 pater,
313 2822 360 2868 aut
373 2813 450 2868 vario*
458 2814 641 2868 modulamine
653 2813 738 2866 duleis

47 2915 210 2983 Spenserus,
225 2928 280 2965 non
292 2918 350 2970 erte
361 2927 446 2978 peres,
462 2927 517 2962 non
531 2910 619 2963 divitis
631 2909 729 2962 haustu

47 3011 171 3064 Cestaiiae
182 3016 268 3071 tento,
282 3007 410 3076 liquidive
422 3008 562 3075 aspergine
574 3008 665 3061 sontis.

722 3121 737 3154 E
