1986 3398
220 565 412 620 VICTORIA
435 567 637 622 FORENSIS.

23 723 98 776 C.1o
111 739 176 776 cunr
191 723 266 776 Titio
277 724 309 777 lis
322 732 349 777 et
362 726 469 779 vexatio
481 726 563 794 longa

60 819 136 872 Sunt
149 819 184 872 de
195 817 276 871 ricini
287 819 452 887 proprietate
464 820 523 873 soli.

24 913 158 968 '’rotinus
170 915 296 982 ingentes
308 915 413 968 animos
425 915 453 967 in
463 915 554 983 jurgia
566 924 680 969 sumunt

62 1009 188 1078 Utraque
200 1010 328 1063 vincendi
339 1027 400 1078 pars
411 1011 534 1064 studiosa
545 1011 633 1064 nimis.

24 1105 72 1158 Lis
85 1111 177 1158 tumet
189 1105 217 1157 in
230 1105 382 1169 schedulas,
397 1107 490 1175 etjam
503 1108 650 1168 verbosior,
665 1115 693 1160 et
701 1107 757 1176 jam
771 1131 778 1161 ι

61 1201 123 1253 Nee
136 1200 250 1254 verbum
262 1201 378 1269 quodvis
390 1218 450 1254 asse
461 1202 574 1255 minoris
586 1210 690 1256 emunt.

25 1295 197 1348 Praetereunt
210 1311 325 1357 menses,
341 1303 369 1348 et
382 1296 516 1349 terminus
528 1295 596 1350 alter
609 1306 637 1351 et
648 1298 732 1356 alten

62 1389 190 1458 Quisque
201 1406 288 1443 novos
299 1397 433 1457 sumptus,
447 1389 516 1443 alter
529 1400 556 1444 et
568 1384 644 1454 alter,
660 1392 769 1446 habent.

25 1486 75 1538 Ille
88 1501 216 1554 querens,
228 1484 272 1537 hic
285 1485 451 1552 respondens
464 1486 602 1553 pendente
614 1494 726 1539 vocatur

61 1583 142 1642 Lite;
162 1581 220 1642 sed,
235 1580 269 1633 ed
281 1580 364 1634 finem
376 1580 439 1642 litis,
455 1589 571 1649 uterque
584 1598 711 1650 querens.

207 2109 432 2167 CERTAMEN
455 2111 649 2170 MUSICUM.

28 2296 106 2349 Ocno
119 2302 196 2348 trans
211 2294 333 2350 Tamisin
347 2299 483 2366 campanis
496 2299 557 2372 dive
573 2299 674 2358 Μανίας

63 2391 110 2444 Cis
126 2389 248 2443 Tamisin
262 2391 302 2444 bis
314 2407 363 2444 sex
376 2392 438 2445 diva
451 2392 573 2462 Brigetts
585 2401 672 2447 sonat.

28 2487 94 2540 Haec
106 2493 207 2540 tenues
220 2493 299 2555 urget
312 2488 438 2542 modulos
450 2490 639 2558 properantius
653 2492 734 2552 aedes,

64 2583 193 2636 Alternet
204 2584 321 2650 grandes
332 2584 434 2638 lentius
447 2585 492 2638 illa
504 2587 609 2640 modos.

29 2680 88 2733 Nec
101 2679 163 2748 quis
175 2679 203 2732 in
215 2679 347 2734 alterutro
360 2682 509 2752 distinguat
521 2684 613 2738 littore
622 2683 717 2753 judex,

66 2777 111 2830 An
124 2777 211 2846 magis
223 2776 279 2830 haee
291 2795 385 2831 aurem
399 2786 496 2847 captet,
512 2798 546 2833 an
560 2781 605 2834 ille
616 2779 710 2848 magis.

31 2873 125 2927 Tantae
137 2881 180 2926 est
192 2873 338 2928 hermoniae
349 2876 490 2929 contentio
504 2877 622 2936 musicar
643 2877 725 2930 turris

68 2968 162 3022 Altera
174 2985 238 3022 curn
251 2984 389 3030 numeros,
404 2969 488 3023 altera
501 2950 607 3039 pondns
620 2971 708 3024 habet.
