2002 3400
141 116 194 166 284
362 130 494 168 neruosus
512 131 648 177 carnonis,
668 132 728 169 erc.

142 268 268 336 Improba
279 269 399 323 intrantis
412 269 544 323 stomachi
557 287 619 324 cum
633 277 785 324 murmurat
799 269 847 332 ire,

177 364 287 433 (Usque
298 364 367 418 adeo
379 382 423 420 res
435 372 477 419 est
489 366 632 434 imperiose
642 366 742 433 fumes)

141 460 370 515 Divertor-mibi
383 479 492 525 conam,
508 469 536 516 et
550 477 621 532 equo
634 480 684 518 sus
695 461 795 531 pabule
806 479 909 531 posco;

178 557 242 610 Neu
253 558 323 612 mala
335 559 484 622 defraudet,
499 559 565 622 viso,
580 559 677 623 reviso,
691 575 799 612 manus.

142 654 262 722 Seiigere
274 661 316 708 est
328 655 430 709 lectum
443 655 508 709 mihi
519 656 643 724 proxima
654 673 727 718 cura,
741 657 876 724 laborque

177 748 328 804 Detrahere
340 757 381 804 est
393 766 485 804 ocreas
497 752 700 818 proximus-et
711 752 788 805 labor
800 761 852 807 est

142 846 284 900 Accumbo
304 852 447 899 coenae-et
465 862 573 900 mecum
592 847 700 915 hospes,
721 863 770 900 seu
791 863 870 916 rogo,
885 863 930 901 seu

246 957 317 993 non:

176 1037 212 1089 Et
225 1037 299 1098 bibit,
314 1044 342 1090 et
354 1036 480 1100 comedit,
495 1037 556 1105 plus
568 1045 659 1091 tamen
670 1038 715 1090 ille
727 1037 805 1091 bibit.

141 1133 207 1187 Cres
220 1135 302 1196 venit,
317 1141 345 1188 et
357 1134 657 1204 schedula-imprimis
666 1135 732 1188 mihi
743 1135 940 1203 panis-Item·

245 1247 300 1299 que
315 1237 318 1246 ’

176 1327 379 1382 Pullus-item
392 1329 559 1382 vinum-nil
572 1328 623 1382 nisi
635 1345 697 1382 cunr
707 1330 807 1396 pretio.

141 1424 231 1487 Solvu,
249 1425 415 1478 enchiridion
425 1425 524 1492 repleo,
540 1424 659 1486 discedo,
674 1425 763 1479 salute

177 1520 298 1588 Accepto
310 1527 337 1574 et
350 1517 518 1573 dioto-vive
531 1519 748 1587 valeque-vele.

499 1656 578 1692 PUEB.

140 1762 182 1815 Te
195 1768 260 1815 tuus
273 1767 398 1829 expectet
410 1761 528 1828 sonipes,
543 1761 684 1829 nescitque
696 1762 798 1816 murari

175 1857 357 1925 Impatiens-

492 1979 582 2016 esino.

389 2085 421 2137 ln
433 2100 478 2137 me
487 2099 543 2136 non
557 2083 608 2136 erit
619 2082 675 2135 ullu
687 2098 770 2136 mora.

137 2182 193 2236 Vos
205 2181 304 2250 quibus
317 2180 468 2250 hospitibus
476 2180 587 2248 placidis
600 2186 629 2232 et
642 2179 769 2232 suavibus
782 2187 864 2245 utor,

173 2277 241 2331 Este
253 2276 369 2339 salutati,
384 2276 463 2330 docte
475 2291 583 2337 corona,
598 2273 672 2327 mihi

137 2373 213 2435 Este,
229 2379 421 2440 ospectnntes,
435 2371 540 2431 animis,
555 2370 630 2439 quod
642 2376 670 2423 et
683 2369 755 2428 estis.
769 2370 881 2434 amicis,

172 2467 210 2521 Et
221 2467 292 2536 pede
303 2449 446 2530 inoffenso,
460 2466 550 2528 dicite,
566 2481 649 2534 perge
659 2465 787 2517 domums

138 2563 250 2631 Accipio
262 2561 328 2617 felix
340 2577 429 2625 omen,
443 2561 595 2630 plausuque
609 2559 739 2620 secundo,

175 2657 238 2717 Quo
251 2673 362 2710 cursum
374 2654 487 2718 institui,
501 2670 586 2723 pergo
598 2654 684 2707 vietor
696 2653 756 2706 iter.

136 2751 225 2802 Viuite
237 2751 346 2810 ielices;
366 2767 417 2818 ego
430 2751 648 2818 quandocunque
660 2750 762 2812 redibo,

171 2843 280 2895 Devuto
294 2845 369 2897 vobis
381 2844 470 2905 corde,
486 2845 578 2898 redibo
591 2844 675 2899 Crito.
