1986 3398
211 181 348 218 sarronae
367 181 432 218 nom
452 183 486 218 sn
506 185 584 230 narr,
600 185 660 222 nro.
785 174 829 222 191

25 323 68 376 Et
80 340 141 392 qua
155 323 271 378 ceruleo
284 324 381 378 mersit
393 331 490 380 natura
501 326 637 394 profundo

26 421 135 483 Cernit,
151 428 180 474 et
191 421 316 474 immensi
327 422 421 489 pandit
432 423 580 491 penetralia
592 423 708 478 mundi?

65 518 132 572 Non
145 517 215 570 adeo
227 517 325 586 rapidis
338 518 413 570 venti
425 519 466 573 vis
479 520 569 572 evolat
580 520 628 573 aiis
640 542 646 572 z

26 615 95 667 Non
108 615 178 668 adeo
190 613 272 668 celeri
283 616 438 684 conspergit
454 617 557 670 lumine
570 624 655 670 terras

24 711 166 765 Exoriens
180 711 258 764 Deus
269 712 431 775 auricomus,
447 731 510 766 cum
523 722 605 768 nocte
616 714 709 783 fugata

24 809 93 877 Egit
106 823 194 876 equos
207 806 339 867 volucres,
355 807 557 878 radiantemque
570 810 677 878 ignibus
690 827 777 864 axem.

282 964 457 1028 Cantabrigioe,
470 965 495 1012 in
510 966 611 1030 Magnis
623 965 746 1024 Comitiis‚
761 967 830 1018 1714.

91 1483 300 1541 RATIONES
329 1487 426 1542 BONI
453 1487 505 1540 ET
531 1485 632 1539 MALI
662 1486 768 1539 SUNT

146 1633 328 1688 AETERNAE
353 1634 405 1687 ET
430 1632 722 1686 IMMUTABILES.

23 1839 77 1903 Tu,
94 1839 255 1908 quicunque
266 1838 347 1892 simul
362 1838 507 1892 confundis
519 1839 614 1906 fasque
627 1839 765 1907 nefasque,

21 1935 219 2003 virtutemque
231 1934 298 1987 nihil
310 1951 414 1996 censes,
429 1935 480 1988 nisi
493 1951 593 1987 nornen
607 1935 696 1997 inane,

22 2033 57 2088 Ni
70 2039 174 2086 contra
183 2031 258 2100 leges
271 2038 299 2084 et
311 2032 482 2085 consuetudo
495 2031 632 2085 valerent:

22 2129 117 2199 Siquis
129 2127 202 2180 forte
214 2127 270 2189 tibi,
285 2127 366 2194 pleno
379 2144 442 2181 curn
455 2128 497 2202 sol
509 2128 578 2181 nitet
590 2129 664 2189 orbe,

20 2225 141 2293 Jamque
154 2223 212 2276 dies
225 2223 331 2276 medius
344 2223 408 2276 oaelo
421 2224 573 2291 spectabilis
585 2224 640 2277 aito
653 2233 702 2283 est.

21 2322 92 2376 Esse
106 2319 181 2373 diem
194 2319 322 2381 medium,
338 2319 479 2387 solemque
491 2319 579 2372 nitere
592 2327 721 2388 negaret;

22 2419 129 2471 Nonne
142 2413 282 2467 hominem
296 2415 404 2484 egregie
415 2415 585 2468 dsmirareris
598 2415 729 2483 ineptum,

22 2513 60 2566 Ut
73 2509 179 2564 mentis
192 2524 303 2576 prorsus
315 2525 440 2572 vacuum,
457 2526 608 2563 vacuumve
625 2509 757 2578 pudoris?

21 2608 67 2663 Tu
81 2615 177 2661 tamen
191 2612 219 2658 et
232 2605 297 2666 vitii,
313 2605 390 2658 fortis
402 2612 533 2674 patronus
547 2615 574 2659 et
586 2623 656 2667 acer,

22 2705 142 2759 Causam
150 2701 225 2770 agis?
242 2709 270 2754 et
278 2718 374 2754 sanum
382 2702 469 2755 credis
477 2710 513 2765 te,
523 2704 668 2771 animoque
676 2702 829 2755 valentem?

21 2798 181 2854 credideris
192 2797 264 2860 licet,
279 2803 361 2865 atque
374 2799 440 2850 deos
449 2797 526 2866 jures
538 2798 602 2851 licet
614 2815 726 2857 ornnes;

22 2897 88 2950 Non
101 2901 195 2949 tamen
210 2892 316 2955 efficies,
333 2892 399 2962 quin
413 2901 441 2946 te
455 2893 551 2946 vicinia
563 2901 620 2946 tota

23 2993 106 3054 vitet,
122 2990 165 3044 uti
176 2989 288 3042 medicis
300 2997 382 3057 caput
395 2989 541 3042 insanabile
553 2997 673 3041 centum.
