2036 3400
172 147 206 194 ³6
428 158 545 193 brunus
559 159 714 194 rescissus.

209 295 318 350 Vidistis
330 305 418 350 totum
431 298 552 366 implevit
562 301 609 367 qui
622 301 734 352 nurnine
746 299 850 363 ooelum,

245 395 320 448 Inter
332 395 452 463 mugitus
465 395 508 448 hio
521 398 652 451 recubare
664 399 755 450 boum.

209 491 319 546 Vidistis
330 492 461 546 hiandum
472 493 612 556 infantem,
626 495 674 563 qni
686 511 769 564 regne
780 495 898 564 reliquit.

245 586 284 641 Ut
296 587 382 642 mults
393 588 420 640 in
434 589 522 650 terris,
537 589 608 644 heu!
622 592 692 644 mels
703 592 789 646 multe
799 593 882 646 ierat:

209 684 235 739 Ο
247 684 364 739 humiles
376 684 499 739 animos!
515 686 598 740 divini
610 705 628 740 o
639 688 737 756 pignus
748 687 863 747 amoris!

246 781 328 843 Quod
340 781 419 835 Deus
429 781 473 834 hio
486 789 587 845 noster,
602 783 662 852 quis
677 784 753 838 Deus
764 784 832 839 alter
843 785 927 853 eget?

349 1073 391 1126 IN
412 1071 793 1128 RESURRECTIONEM.

278 1232 389 1285 Drvrnrs
400 1231 479 1285 rediit
491 1231 579 1284 ohrns
591 1230 740 1285 honoribus

279 1328 322 1381 En
338 1326 463 1381 Christus
477 1327 585 1381 domitis
598 1327 684 1381 vietor
696 1330 729 1382 ab
741 1327 852 1382 inieris!

315 1422 488 1491 Devietoque
499 1421 644 1490 sepulchro

352 1518 470 1572 Messinh
483 1518 620 1587 egreditur
631 1534 729 1572 novus.

278 1715 428 1783 Deceptam
440 1714 550 1776 rabiem,
565 1712 677 1766 consilia
688 1721 716 1767 et
728 1713 807 1768 dolos

277 1812 293 1866 J
295 1813 402 1866 udaeum
415 1812 504 1866 doleat
516 1810 614 1879 vulgus
627 1810 753 1871 inutiles;

316 1907 397 1969 Quod
410 1909 514 1975 possint
526 1907 593 1960 nihil
605 1907 675 1961 ultra

351 2003 456 2072 lraeqne
469 2010 496 2057 et
508 2003 584 2058 furor
597 2004 747 2072 impotensz

280 2195 308 2252 Si
321 2194 413 2249 multis
425 2195 559 2250 laceratus
571 2197 743 2260 cruciatibus,

315 2290 344 2346 Si
355 2300 470 2360 poteras,
489 2293 603 2356 Christe,
619 2297 696 2358 mori,
711 2295 757 2348 din

354 2387 416 2443 Non
429 2396 535 2460 poteras
548 2391 626 2444 mori.

995 2525 996 2574 i

362 2627 529 2685 ursinos
550 2631 782 2688 nescirsus.
995 2595 996 2624 ⁷

280 2785 366 2848 Qurn
380 2783 531 2856 proferebas,
547 2788 642 2842 horror
654 2791 701 2844 ubi
712 2798 787 2854 tuus,

281 2879 305 2936 0
319 2895 390 2944 oreo,
406 2881 528 2936 nondum
540 2883 682 2939 funeribus
694 2887 789 2940 satur?

316 2971 446 3038 Victoriis.
462 2989 527 3044 quos
536 2976 685 3044 jactitabas,

354 3066 377 3118 0
393 3067 523 3132 obinunt,
538 3072 645 3126 avidum
658 3075 852 3142 sepulchrum?

360 3341 425 3356 ⁴
