1968 3396
212 646 381 706 MUNDUS
402 653 487 707 NON
508 647 602 706 FUIT
624 654 675 707 AB
693 648 882 710 AETERNO.

142 859 212 915 Duru
224 865 324 932 patrios
336 865 380 917 alii
391 866 517 920 laetontur
530 869 639 922 volvere
650 867 743 928 iustos.

146 957 350 1028 Auctoremque
363 977 418 1014 suae
430 963 617 1016 venerandum
630 963 773 1032 exquirere
785 963 885 1031 gentis,

145 1053 203 1108 Nos
216 1054 357 1110 hominum
371 1073 545 1112 communem
560 1059 722 1127 investigare
733 1067 877 1127 parentem

145 1150 219 1212 Quid
232 1157 314 1213 vetat,
328 1150 493 1221 intentisque
506 1155 616 1208 exordia
627 1155 745 1222 pendere
759 1154 877 1209 mundi?

181 1247 219 1298 At
230 1246 290 1314 quis
303 1253 357 1299 tarn
371 1247 455 1300 stulte
467 1249 582 1316 sapiens
597 1249 644 1316 qui
655 1249 766 1302 finxerit
778 1250 853 1303 orbis

144 1341 223 1394 Hanc
236 1340 331 1394 faciem
345 1341 488 1409 plusquam
502 1350 631 1404 veterem,
646 1350 831 1411 eternumque
844 1344 924 1397 teneri

143 1438 254 1491 Foedere
267 1439 408 1492 materiem
420 1438 515 1492 fatali?
534 1441 644 1507 quando
657 1441 756 1493 decora

144 1534 216 1587 Tota
224 1535 372 1604 juventute
385 1535 489 1588 exultat
501 1542 599 1588 nutura
610 1535 747 1604 vigetque.

180 1631 339 1700 Spectemus
352 1631 438 1685 solem
449 1654 456 1693 ;
477 1632 537 1700 quis
550 1633 623 1694 solis,
636 1633 740 1700 origine
753 1632 837 1694 nulls,

142 1726 259 1796 Fulgere
271 1734 426 1796 perpetuos,
441 1735 473 1781 ut
486 1728 582 1790 Vestae,
598 1729 696 1781 dixerit
709 1727 808 1796 ignes?

144 1823 170 1874 A
183 1839 238 1891 quo
251 1823 390 1890 praedones
403 1822 525 1876 referunt
538 1823 604 1875 dum
617 1822 691 1876 furto
703 1830 816 1877 cometae

142 1917 233 1985 Ignea,
249 1917 374 1970 diffundit
387 1917 476 1970 radios
487 1918 554 1970 dum
566 1917 695 1986 prodigus
708 1918 773 1986 ipse.

144 2011 216 2066 Olim
230 2011 357 2064 deficeret
368 2011 436 2064 lucis
449 2012 498 2064 lux
510 2013 567 2080 ipsa
578 2019 718 2081 parentem
732 2035 738 2065 ε

126 2143 130 2150 -
144 2106 203 2159 Nec
217 2121 276 2167 nos,
293 2106 337 2172 (ut
350 2112 430 2158 vetus
442 2105 463 2159 it
476 2107 510 2159 de
522 2106 594 2160 ranis
605 2106 707 2174 fabula)
725 2107 826 2162 Phoebo

143 2201 242 2255 Uxoris
255 2202 409 2270 sobolisque
421 2202 611 2257 invidissemus
625 2204 773 2257 honorem:

144 2297 202 2351 Nos
215 2298 289 2359 orbo,
304 2315 355 2350 nos
368 2296 439 2352 heul
463 2316 640 2367 quereremur
652 2301 745 2353 coelibe
761 2300 872 2355 Phoebo.

180 2393 254 2455 Quin
264 2394 330 2446 dum
339 2394 400 2461 plus
410 2397 497 2458 terris,
508 2411 588 2463 quarn
597 2397 727 2458 redditur,
738 2397 793 2450 exit
803 2413 934 2466 aquatum,

144 2489 199 2544 Cur
212 2505 267 2543 non
283 2488 399 2542 Naiades
411 2489 508 2543 siccae?
536 2489 683 2558 Neptunus
695 2491 812 2545 urescit?

144 2585 200 2639 Cur
218 2603 274 2638 non
288 2585 392 2640 exussit
405 2585 527 2640 sitientes
543 2587 628 2640 Sirius
640 2603 727 2655 agros,

143 2681 202 2734 Neo
215 2681 307 2748 pendit
319 2680 401 2734 tellus
415 2680 535 2734 Erebum
549 2681 648 2734 rimoso
658 2680 847 2748 profundum?

180 2776 263 2838 Quid,
277 2793 340 2829 oum
353 2776 394 2829 sol
407 2778 514 2846 proprio
527 2784 679 2831 remeantes
691 2779 756 2830 orbe
768 2778 892 2846 planetus

145 2869 272 2929 Attrahit,
288 2872 370 2937 inque
384 2873 470 2924 vicem
488 2873 647 2933 attrahitun
667 2873 690 2926 si
702 2879 802 2926 aeternu
814 2874 910 2929 fuisset

143 2961 190 3011 Vis
202 2962 324 3027 utrisque
338 2963 410 3026 olim,
425 2983 473 3019 our
487 2984 541 3021 non
555 2969 722 3035 amplexibus
736 2969 840 3024 haerent
