1994 3398
385 169 509 207 HBLIBSA.

86 308 230 363 lilibereles
244 308 330 363 nescit
342 308 488 371 infacetiss,

118 404 155 458 Et
168 420 224 458 nnn
237 404 405 458 verecundos
418 404 487 458 sales

83 501 189 555 Audire
201 500 320 569 patiensr
340 500 428 554 omnis
440 500 616 555 immodestioe

120 595 222 650 Perosn
233 595 444 664 turpitudinem

81 691 241 760 Sensusque
253 689 328 744 dubii
339 696 367 744 et
378 689 495 745 involuti
505 692 661 762 ambagibus

116 787 229 856 Impurs
241 793 353 840 nauseet
365 786 462 840 abdite„

82 882 142 936 Neo
154 881 275 936 initietur
286 881 408 952 mysticis
420 883 617 952 congressibus,

103 978 269 1049 =Noctisque
281 979 455 1038 ceremoniis.

79 1077 130 1131 Vel
143 1077 260 1132 induens
272 1076 380 1139 larvam,
397 1078 439 1132 vel
451 1079 594 1134 obnubens
606 1086 695 1149 eaput,

114 1173 250 1227 Lnseiviat
262 1181 293 1228 ut
305 1174 456 1228 audentior.

79 1269 149 1332 Nec,
164 1269 315 1324 invenustis
328 1278 359 1324 ut
369 1269 468 1326 fritillis
480 1270 610 1341 increpet,

113 1367 153 1421 Et
164 1367 230 1422 eleis
242 1367 385 1437 impellent,

77 1463 220 1519 Tenebras
232 1464 265 1516 ad
279 1480 366 1533 usque
378 1465 442 1518 solis
454 1471 546 1518 ortum
559 1464 662 1534 vigillis,

113 1561 276 1630 Lucemque
288 1561 334 1614 dut
346 1561 488 1629 soporibus
498 1582 506 1622 ;

77 1659 184 1713 Dulees
195 1658 250 1712 (liei
262 1666 290 1712 et
302 1658 390 1714 noetis
403 1659 541 1714 invertens
554 1658 635 1721 vices,

112 1754 252 1824 Ratusque
263 1754 338 1824 leges
350 1761 512 1824 temporum.

76 1849 252 1920 Propernntis
264 1850 313 1904 evi
324 1849 455 1904 circulum
469 1849 589 1921 nympha
600 1849 706 1920 explent
740 1883 744 1894 ·

112 1947 172 2002 Hes
184 1948 255 2002 inter
268 1946 421 2016 elegantius,

75 2044 273 2098 Proetermeere
285 2058 345 2112 quae
355 2043 447 2112 fugem
461 2043 523 2097 vites
535 2043 607 2105 sinit,

111 2140 284 2208 Brevemque
295 2155 429 2192 summum
441 2139 560 2208 negligit.

76 2239 156 2302 Quos
169 2237 209 2291 ire
222 2245 250 2290 et
262 2236 372 2290 interire
384 2236 545 2305 permittunt
558 2236 616 2290 dies

111 2334 270 2404 lndiligens,
285 2334 435 2404 incogituns

73 2431 182 2502 Vulgus
194 2421 353 2500 inuenerum,
371 2429 481 2485 Melissa
493 2437 632 2502 computet

111 2528 245 2584 Feliciore
259 2528 371 2583 edeulo.

74 2627 151 2681 Tuas
164 2625 194 2681 in
207 2625 278 2680 edes
290 2624 403 2694 nuptiali
415 2641 478 2680 cum
489 2625 557 2689 lnce,

110 2723 226 2778 Etcum
241 2721 351 2777 Melissa
361 2725 487 2796 conjuge,

74 2820 182 2874 intrare
194 2819 329 2887 pronubas
341 2818 444 2874 videbis
455 2821 562 2889 gratius,

111 2917 281 2984 Secrnrnque
293 2916 425 2970 virtutum
438 2916 560 2970 chorum.

73 3015 139 3072 Sine
152 3021 212 3068 erte
226 3021 339 3084 compte,
356 3021 383 3068 et
396 3012 504 3082 elegans
517 3015 575 3068 sine
587 3012 677 3075 raedin

110 3112 210 3168 Aderit
223 3119 366 3172 venustes;
387 3119 415 3164 et
427 3111 498 3165 selus
690 3111 732 3161 ns
