2002 3400
176 639 300 693 NULLI
321 637 372 692 TE
393 635 536 691 Ptenis
557 635 671 690 NIMIS
691 633 890 690 SODALEM.

141 821 253 874 Peru
265 821 358 874 heram
370 820 437 880 selis,
451 820 555 888 gremio
567 821 699 874 recubans
711 820 737 870 in
751 817 830 876 anili;

176 917 266 978 Quam
278 915 363 969 semel
375 923 457 983 atque
469 915 569 967 iterum
583 913 671 983 Lydia
681 913 770 981 palpat
782 911 856 964 here.

140 1012 250 1065 Ludum
263 1013 296 1065 lis
308 1012 449 1080 nequitum
469 1027 531 1062 netu
543 1017 617 1063 totos
629 1009 715 1062 exerit
727 1023 843 1076 ungues,

176 1104 212 1158 Et
224 1106 307 1173 longo
319 1107 419 1158 luceret
431 1105 545 1158 vulnere
555 1104 615 1158 felis
628 1121 718 1157 anum.

140 1200 280 1254 Continuo
293 1201 426 1254 exardens
437 1199 541 1268 gremio
553 1198 711 1250 muliercula
722 1197 803 1250 selem

175 1296 236 1350 Nee
247 1297 374 1365 gravibus
387 1296 479 1349 multis
491 1295 597 1347 excutit
609 1294 710 1362 absque
723 1293 810 1354 minis,

141 1392 224 1455 Quod
231 1400 323 1446 temen
330 1393 404 1445 haud
412 1407 517 1460 aequum
527 1390 645 1444 est-Si
652 1390 779 1443 vulteum
785 1387 933 1457 selejocari,

176 1487 300 1540 Felinum
313 1489 394 1542 debet
408 1486 496 1558 Lydia
506 1486 578 1540 ferre
586 1486 690 1556 jocum.

448 2045 574 2056 -—-
585 2029 713 2065 uiuoenu

334 2125 370 2159 un
387 2125 488 2168 nunes,
500 2125 576 2158 euve.

142 2293 279 2346 Coenonu
293 2295 392 2362 exigui,
408 2295 456 2348 sed
469 2295 559 2364 magni
572 2301 612 2349 est
625 2293 742 2347 nominis
754 2298 857 2352 auctor.

179 2389 268 2450 Quem
281 2397 362 2443 vexat
373 2391 488 2458 scriptus
501 2408 557 2445 non
569 2391 607 2444 ita
617 2407 698 2460 parva
709 2403 813 2441 manus.

142 2485 191 2538 Ille
204 2485 250 2539 diu
263 2485 369 2547 mutue,
385 2487 432 2540 sed
446 2504 501 2540 non
514 2487 681 2556 perterritus,
695 2487 762 2539 irem

178 2580 286 2648 Ingenti
298 2587 397 2632 tectam
408 2588 519 2648 pectore
531 2583 689 2635 dissimulat.

140 2675 185 2730 Ex
196 2675 343 2742 improviso
356 2692 418 2729 cum
431 2678 541 2730 tandem
555 2677 676 2730 Duneias
689 2676 760 2736 exit;

178 2768 264 2820 Bilem
277 2771 356 2820 babet
369 2777 397 2822 et
409 2778 492 2833 totus,
507 2772 552 2834 fel,
567 2773 709 2840 eioenque,
724 2773 806 2826 liber:

141 2858 248 2911 Dixerit
260 2867 291 2912 ut
304 2862 424 2914 monitus
437 2864 531 2930 quivis,
546 2866 644 2919 laesisse
656 2869 793 2936 gigantem

178 2948 286 3013 Tutius,
302 2953 432 3020 exiguum
445 2971 526 3022 quem
538 2959 662 3026 tetigisse
675 2962 774 3015 virum.
