1994 3398
258 665 353 718 ITER
375 665 451 718 PER
473 661 653 715 TAMISIN.

58 837 155 893 Uersu
170 857 233 893 cum
247 840 330 902 volui,
346 855 523 908 crassumque
536 837 690 904 relinquere
701 834 817 894 sumum,

57 934 296 1006 Plaustrorumque
306 953 388 1006 vegos
396 935 526 1003 strepitus
537 948 689 1001 currusque
698 937 838 998 crepantes
847 951 854 989 3

56 1030 135 1084 Nunc
148 1047 243 1085 vocem
257 1031 395 1086 stridentis
407 1048 485 1092 anus,
501 1046 575 1082 nunc
588 1043 728 1080 murmure
740 1043 821 1080 rauce

57 1125 158 1181 Audire
170 1127 272 1180 invitus
284 1126 351 1180 fusae
363 1143 411 1195 per
423 1126 542 1194 compita
553 1126 650 1186 turboe,

57 1221 145 1282 Quum
158 1223 242 1275 miser
255 1221 356 1276 emittit
368 1229 443 1276 vetes
457 1228 485 1275 et
497 1220 606 1274 sordida
618 1235 711 1280 musar

57 1317 99 1368 Ad
112 1317 189 1370 littus
202 1317 332 1371 descendi
344 1325 372 1370 et
383 1317 480 1370 amoeni
495 1316 611 1370 Temisis
625 1316 728 1375 undssr

56 1412 91 1464 Ut
103 1429 211 1480 possem
225 1429 347 1466 recreare
360 1413 489 1474 animum,
499 1412 660 1480 placidoque
673 1426 783 1464 recessu
872 1445 875 1451 -

56 1508 89 1561 Et
101 1509 201 1562 virides
214 1526 323 1578 campos
336 1516 363 1563 et
376 1509 465 1562 dulcia
479 1508 567 1562 visere
579 1524 649 1562 rura.

56 1605 92 1657 At
103 1611 192 1658 neutae
205 1605 361 1658 venientem
374 1605 421 1658 ubi
433 1621 478 1658 me
491 1604 583 1658 videre
596 1619 713 1672 sagaces,

55 1701 118 1756 Sese
130 1702 289 1771 disponunt,
305 1719 401 1756 omnes
414 1702 530 1756 clamere
540 1702 631 1770 parati.

54 1798 87 1852 Et
96 1799 152 1868 jam
165 1799 301 1868 protensis
315 1800 438 1854 manibus
451 1799 558 1852 diverse
569 1799 729 1868 loquuntur,

52 1893 164 1964 Jamque
177 1895 250 1949 vices
263 1895 375 1948 rediisse
387 1911 458 1957 suas,
471 1895 639 1964 cinguntque
652 1901 797 1947 tacentem.

55 1992 129 2045 Nutu
142 1993 219 2061 signa
232 1993 310 2052 dedi;
324 1998 436 2060 eccepto
450 1993 596 2045 decurrere
609 1992 687 2059 signo

54 2085 170 2140 Festinat
182 2087 301 2155 quidam,
316 2094 344 2139 et
357 2088 482 2156 cymbam
496 2087 625 2140 velociter
639 2086 721 2139 infert

54 2181 182 2252 Praecipiti
195 2198 281 2250 prora,
298 2183 469 2251 reliquasque
481 2182 545 2235 hinc
558 2183 622 2236 inde
630 2182 755 2251 jacentes

54 2277 226 2340 Proturbans,
241 2277 326 2346 aperit
339 2294 436 2331 cursus
448 2277 608 2346 aditumque
620 2284 768 2346 petentem.

54 2374 158 2428 Interea
169 2375 245 2428 dives
258 2375 353 2443 pingui
366 2391 430 2428 cum
444 2375 562 2444 conjuge
575 2375 650 2437 civis,

52 2469 160 2523 Viscndi
171 2470 271 2539 pariter
284 2478 379 2538 captus
392 2470 537 2523 dulcedine
550 2471 628 2533 ruris,

54 2565 178 2628 Advenit,
191 2573 219 2618 et
231 2565 342 2634 puppim
356 2582 463 2619 mecum
477 2567 636 2621 conscendit
649 2568 772 2622 eundern.

53 2661 176 2724 Portitor,
192 2669 224 2715 ut
237 2662 334 2717 mulier
344 2679 441 2715 navem
451 2664 620 2726 conscendit,
636 2665 750 2719 amicam

53 2756 187 2813 Praebebct
200 2757 332 2820 dextram,
348 2765 375 2812 et
387 2774 497 2827 gressus
509 2758 631 2812 firmabat
641 2759 758 2829 iniquos.

53 2853 124 2922 Saepe
135 2854 246 2923 quidem
259 2853 346 2906 voluit
359 2869 452 2907 causas
465 2853 576 2907 finxisse
590 2855 720 2916 morandi,

52 2949 202 3020 Expectans
214 2950 305 3012 elium,
321 2951 344 3003 si
355 2950 411 3004 fors
424 2950 602 3004 descenderet
616 2951 696 3013 ullus,
