1986 3398
229 161 308 197 sarrs
328 161 377 197 ssr
396 161 502 198 cresso
522 164 626 200 rsrsrt.
773 150 825 200 229

27 301 176 355 luctamen
189 302 267 363 redit,
283 309 319 364 et,
336 318 491 372 quenquam
504 319 612 356 servare
625 303 725 364 laboro,

62 397 156 458 Instat,
169 403 197 449 et
210 397 236 448 in
249 396 369 450 flammas
382 397 552 467 exitiumque
564 397 627 450 ruit.

27 493 160 562 Exiguam
173 493 222 546 tibi
234 494 297 546 nolo
309 493 434 557 animam,
450 511 529 564 quam
544 493 659 562 projicis,
675 494 746 547 ultre

62 590 175 642 Servare
186 610 193 647 ς
215 594 242 641 ct
254 588 276 640 si
288 589 325 641 sis
338 596 412 642 certa
423 589 519 656 perire,
536 589 602 656 peri.

293 958 556 1016 ’APXITEKTssN.

26 1105 143 1168 Asrtcrs,
158 1111 189 1157 ut
202 1104 296 1158 nidum
309 1106 390 1174 tignis
403 1106 502 1175 suffigit
511 1107 637 1169 hirundo,
662 1147 664 1150 -

59 1200 199 1254 Caemento
211 1207 242 1254 ut
254 1201 330 1254 luteo
342 1201 448 1270 pensile
460 1201 548 1256 firmat
558 1201 644 1271 opusl

27 1296 139 1365 Aspicis,
155 1303 185 1349 ut
197 1296 283 1350 solido
293 1297 443 1351 durescunt
455 1298 551 1351 moenia
560 1314 643 1360 nexu,

59 1392 151 1452 Quem
164 1408 253 1460 neque
266 1399 410 1446 ventorum
422 1393 471 1456 vis,
486 1409 577 1461 neque
589 1393 675 1446 solvat
687 1390 771 1461 aquei

24 1486 166 1540 structura
178 1487 328 1550 incolumis,
343 1483 445 1542 mul'tos
458 1505 584 1541 mansura
595 1505 643 1556 per
655 1505 750 1550 annos

57 1582 129 1637 Vere
141 1583 236 1637 eadem
249 1584 362 1637 reduces
376 1583 475 1653 excipit
487 1583 588 1652 hospes
600 1601 672 1637 eves.

25 1676 139 1732 Praestct
150 1678 178 1730 in
191 1677 297 1747 exigua,
312 1679 385 1747 quod
394 1695 450 1732 non
465 1678 655 1748 Vcnbrughius
668 1685 766 1747 equet,

59 1774 142 1836 Quod
154 1791 209 1828 non
225 1774 369 1830 Gibbesius
382 1776 480 1837 vineat,
495 1776 614 1830 hirundo
628 1776 719 1830 domo.

140 2144 259 2199 ARTIS
279 2144 354 2198 EST
374 2143 532 2200 CELARE
554 2144 705 2200 ARTEM.

17 2292 167 2358 Potenti,
182 2312 233 2348 nec
245 2295 352 2358 invitos,
367 2305 447 2350 vocat
459 2298 493 2351 ad
501 2297 655 2365 spectacula
667 2297 739 2351 cives

57 2390 186 2453 Fcuxius,
202 2392 317 2460 egregios
329 2393 497 2446 dexteritatis
508 2392 605 2453 homo;

17 2484 126 2540 Fallere
135 2492 288 2555 spectantes
301 2504 356 2556 quo
369 2505 425 2541 non
437 2488 562 2542 solertior
575 2489 650 2548 citer,

57 2581 107 2635 Vel
118 2582 221 2650 iinguoe
234 2582 343 2646 insidiis,
359 2584 403 2637 vel
414 2583 524 2639 levitate
537 2600 642 2638 manus.

13 2675 82 2732 Enl
101 2677 178 2731 vobis
192 2678 343 2746 (aperitque
355 2695 465 2732 menum
478 2680 607 2748 deceptor
620 2679 776 2744 utramque)

58 2771 239 2828 Orbiculumi
259 2774 304 2827 hei
316 2783 412 2843 presto
421 2773 544 2844 i-iugit,
558 2771 759 2828 abivit-adest.

11 2867 74 2924 Est
86 2869 138 2932 hic,
153 2876 195 2923 est
208 2869 430 2938 illic-nusquam
441 2877 491 2932 est,
507 2878 534 2924 et
547 2866 782 2937 ubique-videte.

58 2965 88 3018 ln
102 2966 259 3020 mensa-in
271 2966 367 3020 loculis
380 2966 523 3034 hujus-in
534 2981 581 3019 ore
594 2973 651 3019 tuo.

694 3077 714 3112 x
