2002 3400
537 120 589 174 804

362 351 469 413 Placide
481 359 579 412 subtus
591 355 736 427 requiescit

351 456 501 509 Jonununs
517 454 649 508 Hauwar
664 455 741 508 Arm.

331 551 505 606 suavioribus
518 567 657 604 musarum
669 551 767 605 studiis

145 649 269 716 (Quibus
281 663 423 716 nusquam,
438 663 474 699 ne
487 647 514 700 in
527 647 620 700 castris
633 647 752 715 quidem,
768 649 944 716 renunciavit)
990 687 991 690 η

266 746 298 798 In
311 742 403 798 schola
415 742 532 810 primum
550 741 836 797 Westmonasteriensi

318 842 471 897 Clarissimo
484 842 644 896 instituente
659 842 776 904 Busbeo,
990 833 991 908 i

260 937 297 991 Et
309 939 409 992 deinde
421 939 449 992 in
465 938 611 992 Academia
625 937 841 1008 Cantabrigiensi

462 1034 633 1095 Innutritus;
990 1073 991 1078 ,

369 1128 545 1184 Gravioribus
557 1128 621 1182 belli
634 1129 727 1191 taediis,

443 1221 655 1294 Auspicantibus

301 1319 332 1373 ln
347 1321 471 1374 Flandria
482 1321 659 1375 invictissimo
671 1321 793 1392 principe

354 1415 481 1470 Jobanne
496 1415 636 1470 Marlburii
651 1415 739 1479 Duce,

299 1567 300 1570 ,
328 1510 359 1566 In
374 1513 505 1580 Hispania
516 1513 663 1567 fortissimo
678 1513 763 1567 heroe

355 1608 451 1663 Carolo
466 1609 628 1677 Petroburgi
640 1610 739 1664 comite

455 1704 645 1758 Exercitatus=

375 1801 406 1854 ln
419 1801 545 1854 omnibus
559 1801 619 1854 vita
631 1800 724 1854 officiis

347 1895 418 1950 Cum
430 1896 543 1965 publicae
555 1904 614 1950 tum
625 1898 742 1966 privata,

349 1992 418 2046 Tam
431 1993 515 2046 civilis
528 2010 609 2063 quam
621 1994 751 2057 militaris,

340 2087 446 2150 Fidelis,
462 2095 599 2151 strenuus,
613 2089 758 2142 humanus.

278 2185 373 2246 Qualis
385 2185 505 2248 murima,
521 2186 606 2254 qualis
618 2185 701 2239 fuerit
712 2201 818 2254 parens,

292 2281 421 2334 Testatur
433 2281 486 2335 hoc
498 2282 668 2350 sepulchrale
679 2299 805 2344 marmor,

288 2376 370 2437 Quod
381 2377 425 2444 pie
437 2383 588 2445 posuerunt
601 2378 682 2432 vidua
693 2385 721 2431 et
733 2377 813 2432 tilius.

350 2471 509 2526 Memoriam
522 2480 576 2527 tam
590 2474 691 2542 egregii
703 2475 753 2527 viri

368 2567 404 2621 Et
416 2575 456 2629 tu,
470 2568 565 2630 lector,
581 2585 729 2630 venerere;

215 2665 254 2719 Ut
267 2665 315 2718 tibi
327 2666 407 2720 detur
419 2665 542 2719 similiter
553 2666 697 2733 aliquando
709 2667 888 2735 requiescere.

219 2760 295 2814 Obiit
307 2777 387 2814 xxvr.
400 2761 443 2815 die
459 2761 628 2824 Novembris,
644 2779 705 2815 an.
720 2776 893 2815 unccxxxvr.

393 2856 454 2909 Sua
466 2873 531 2910 vero
545 2857 633 2912 aetatis
646 2873 709 2910 axv.
