1994 3398
317 167 394 202 AMOB
412 166 537 205 tumult.

31 303 124 357 Natiso
137 303 260 373 quamvis
272 303 349 359 cultu
362 305 534 374 candoreque
546 306 667 374 simplex,

61 399 211 454 Pulchrum
223 400 268 454 illa
281 400 384 454 inducit
396 401 566 469 simplicitate
580 401 702 464 chorum,

31 497 83 550 Nec
95 497 212 551 totidem
225 514 338 552 veneres
351 497 429 560 inter,
444 505 621 568 quotcunque
633 506 794 568 sequuntur,

61 593 96 648 Se
108 593 228 662 primum
241 592 346 648 dubitat
357 595 540 662 promeruisse
552 595 652 648 locum.

32 786 166 856 Quicquid
179 787 251 840 enim
262 795 388 841 tenerum
401 788 510 856 spirant,
523 789 566 842 vel
577 788 691 843 amabile
704 789 828 852 miscent,

62 884 140 947 Lilia,
155 884 200 938 vel
211 885 295 948 violae,
309 902 505 955 purpureaeque
516 903 591 949 rosae,

32 982 139 1051 Quique
151 981 210 1036 aliis
221 981 266 1035 alii
278 985 428 1037 succedunt
441 984 560 1047 floribus,
575 1001 658 1038 omne

62 1078 105 1132 Ex
117 1095 177 1133 uno
190 1061 328 1149 excipiunt
340 1079 461 1150 simplice
472 1080 540 1134 flore
552 1081 647 1134 decus.

273 1583 389 1638 AMOR
410 1582 588 1638 lNERMlS.

34 1786 95 1848 Qua
107 1794 218 1858 myrtus
230 1786 311 1840 remis
324 1786 436 1840 viridem
449 1787 591 1841 contexuit
603 1787 727 1841 umbram

64 1883 189 1946 Diffusis,
200 1883 287 1952 jacuit
299 1883 464 1950 semisupina
478 1881 572 1936 Chloe.

34 1978 94 2034 Huc
107 1981 193 2034 tacito
205 1981 318 2034 accessit
330 1981 445 2034 tendens
458 1979 570 2048 vestigia
581 1994 685 2048 gressu,

65 2076 103 2131 Et
116 2076 212 2129 furtim
225 2076 253 2129 in
267 2075 342 2129 molli
353 2083 464 2144 pectore
476 2076 545 2130 sedit
560 2075 654 2128 Amor.

33 2169 170 2240 Expansis
181 2188 312 2226 mammas
323 2172 372 2226 alis
384 2172 511 2243 protexit,
526 2179 555 2226 et
567 2171 640 2224 intus

66 2269 212 2322 lntrusum
224 2267 344 2322 occuluit
356 2268 484 2337 parvulus
498 2282 559 2320 erro
572 2273 662 2334 caput.

34 2501 70 2556 Ut
82 2502 208 2574 nympha
220 2503 339 2558 excussit
351 2519 486 2566 somnum,
501 2500 643 2572 perterrita
654 2515 759 2554 numen

66 2599 101 2652 Iu
116 2599 210 2668 tepido
222 2599 307 2653 sensit
320 2599 459 2653 delituisse
470 2598 541 2652 sinu.

36 2693 71 2747 At
84 2710 219 2748 revocans
230 2693 343 2757 animos,
356 2693 479 2748 fraudem
491 2694 542 2748 sub
554 2699 665 2762 pectore
677 2698 774 2754 versat.

68 2791 177 2845 Caetera
188 2791 235 2859 qui
245 2789 321 2853 iallit,
334 2791 428 2844 fallere
440 2798 514 2845 certa
531 2791 623 2844 deum.

35 2886 111 2941 Tum
124 2887 233 2942 solvens
244 2904 350 2950 zonam,
364 2887 442 2956 pueri
452 2903 501 2956 per
513 2886 621 2940 brachiu
632 2885 716 2948 ducit,

69 2985 110 3039 Et
122 2991 230 3040 teneras
242 2985 326 3040 vincit
338 2984 433 3038 callida
444 2984 565 3055 nympha
576 2999 681 3037 manus.
