1986 3398
314 156 556 192 auconcluurnrx.

37 293 90 346 Seu
103 293 205 346 durum
219 295 357 347 excruciet
370 297 457 357 tuber,
474 313 523 348 seu
537 295 644 348 mollius
659 303 725 355 urat.

72 389 127 442 Dat
139 397 205 443 tuus
218 391 355 458 extemplo
367 391 456 444 culter
470 392 575 445 anricus
588 407 676 459 opem.

40 485 156 538 Saltibus
172 485 235 538 irino
248 486 349 540 habiles
361 494 498 550 matronae,
513 487 671 555 habilesque
683 489 794 555 puellm

74 582 146 634 Cum
159 592 273 650 poscant
285 584 371 637 larvas
381 593 511 652 tempora,
523 601 642 653 cumque
654 586 760 639 choros.

40 679 143 732 Doctor
155 680 189 733 ab
201 680 244 733 his
256 680 318 733 ideo
332 681 457 741 vocitare,
474 687 501 733 et
514 682 609 734 doctor
621 681 655 734 ab
668 681 731 734 illis:

76 777 200 830 Moribus
213 777 249 839 id,
264 777 369 839 studiis,
384 777 549 845 ingenioque
561 778 650 830 datur.

40 875 87 928 Sin
100 873 205 927 meritis
220 873 379 943 Rhedyoina
391 873 454 935 tuis,
469 873 510 926 sin
526 872 616 926 invida
631 873 735 926 Granta

75 970 161 1024 Hunc
173 970 284 1023 titulum
293 969 363 1038 juris
376 968 474 1022 dixerit
487 986 547 1022 esse
561 970 620 1028 sair

41 1069 68 1122 Si
80 1074 131 1121 tua
143 1066 282 1120 noluerint
294 1066 388 1134 augeri
400 1067 511 1118 nomina
522 1065 593 1118 binis

75 1163 179 1217 Saltem
191 1162 315 1224 literulis,
327 1162 476 1215 literulisve
488 1162 590 1222 tribum

40 1259 146 1327 Augeri
158 1265 317 1327 nequeunt:
338 1275 399 1310 nam
409 1264 438 1311 te
447 1265 494 1311 tua
505 1257 576 1310 fama
587 1264 734 1326 sequetur;

76 1355 135 1416 Qui
148 1355 236 1423 (quod
249 1353 324 1406 nulla
335 1359 410 1406 vetet
421 1353 479 1421 lex)
492 1368 639 1406 orenaroa
651 1353 713 1407 eris.

263 1919 622 1974 RECONCILIATRIX.

37 2115 223 2169 Crasonnrns
236 2113 329 2166 laudes
341 2119 437 2167 natura
449 2112 581 2165 inviderat
592 2113 658 2172 arti;
706 2085 711 2094 Ι

75 2211 115 2265 Et
126 2211 178 2264 sibi
189 2210 300 2262 rivalem
313 2210 403 2264 nescia
414 2209 485 2263 ferre
497 2225 605 2277 parem;

39 2307 170 2360 Divinam
184 2305 287 2359 effinxit
299 2306 454 2374 nympham,
470 2313 498 2358 et
509 2305 623 2358 formam
636 2306 738 2359 addidit
751 2304 799 2366 ori,

78 2401 132 2454 Cui
147 2401 257 2470 Cypriae
269 2407 361 2468 posset
370 2402 467 2454 cedere
478 2400 565 2454 forma
577 2402 642 2454 deoe.

40 2497 122 2550 Hane
136 2495 274 2556 videtum,
289 2495 415 2563 vincique
427 2494 519 2557 doletr
539 2496 690 2564 doctosque
707 2510 848 2548 resumens

78 2590 205 2645 Knelleri
217 2590 341 2651 calamos,
355 2590 454 2643 ramula
465 2597 552 2644 tentat
564 2607 633 2659 opus
645 2613 651 2644 ε

40 2686 176 2755 Depingit
187 2701 339 2754 suavesque
351 2701 443 2752 genas,
458 2685 609 2754 mollesque
621 2685 738 2754 capillos,

79 2783 117 2837 Et
130 2782 200 2836 oolla
211 2781 312 2835 intacta
323 2782 478 2835 candidiora
490 2782 561 2836 nive.

42 2879 166 2949 Virginei
179 2880 261 2933 rubor
272 2879 353 2941 idem,
369 2879 518 2948 eademque
531 2887 572 2933 est
583 2879 669 2948 gratia
681 2880 790 2936 vultusr

80 2975 118 3029 Et
131 2974 225 3029 similis
237 2991 317 3028 roseo
329 2975 411 3044 spirat
424 2977 451 3028 in
465 2992 513 3028 ore
525 2976 615 3028 decor.
