2036 3400
317 199 433 237 nunnus
445 200 594 237 sneunnus.
823 186 858 235 23

438 357 474 393 rr.

113 435 246 506 Recogita
256 453 373 499 mecum,
387 437 476 490 suimu
485 453 553 500 meu,
568 438 695 507 recogito,

113 533 236 587 Horrore
247 549 303 603 quo
315 533 446 602 perculsu,
458 534 535 603 ponti
546 533 645 589 videris

114 629 174 683 iuro
187 645 223 683 ex
233 628 296 683 sinu
306 629 505 698 profunditates
517 637 617 695 erutus,

114 724 279 796 Montesque
289 726 424 782 fluctuum
436 727 609 782 imminentes
621 726 772 782 montibus!

444 843 470 878 V.

113 920 146 973 ln
158 937 206 974 ore
218 921 314 990 quovis
325 921 439 991 pallidus
450 922 520 976 sedit
532 930 635 990 stupor,

113 1017 146 1070 ln
158 1018 241 1072 corde
249 1019 346 1088 quovis
358 1018 454 1073 consili
466 1019 600 1088 impotens
612 1025 711 1080 metus,

113 1112 185 1168 Cum
198 1114 344 1168 devolutus
356 1131 456 1184 gurges
468 1115 539 1169 intro
549 1116 685 1185 gurgitem

111 1209 217 1264 Victum
229 1211 418 1279 gubernatoris
429 1219 515 1265 artem
526 1210 631 1265 luserit.

437 1325 475 1362 vr.

113 1403 168 1458 Sed
179 1401 284 1456 mirum
297 1409 325 1456 et
337 1381 453 1458 illesum
465 1403 536 1457 inter
548 1403 607 1458 heo
620 1403 738 1474 perionis

112 1499 229 1553 Paterno
238 1506 285 1552 tue
298 1515 344 1552 me
356 1499 472 1553 reddidit
484 1498 635 1561 clementis,

111 1597 187 1651 Dum
199 1613 229 1650 se
241 1596 343 1666 recepit
355 1596 444 1649 enims
456 1612 559 1650 numen
568 1597 603 1649 ud
615 1603 704 1658 tuum,

111 1693 222 1750 Gontise
233 1693 389 1748 humillime
400 1709 512 1762 precum
525 1694 667 1749 violentie.

432 1807 480 1843 vn.

111 1888 252 1958 Praerupto
260 1903 391 1957 equorum
399 1887 428 1940 in
437 1893 531 1941 monte
540 1902 603 1940 cum
612 1885 799 1956 pependimus,

111 1985 253 2054 cavasque
266 1984 350 2038 valles
361 1983 439 2037 erdui
451 1983 632 2052 despeximus,

112 2083 226 2137 Servare
239 2081 304 2135 nori
315 2088 344 2135 te
355 2088 495 2150 potentem
508 2081 632 2143 maxime,

112 2179 173 2234 Nee
185 2179 320 2248 supplices
331 2179 426 2233 audire
436 2184 597 2247 presentem
609 2177 708 2232 miuus.

426 2291 485 2330 vm.

112 2371 235 2426 Procells
246 2372 329 2436 siluit,
344 2371 417 2426 dioto
426 2372 555 2426 obediens
567 2379 617 2426 tuo

110 2469 217 2524 Ventus
228 2470 349 2532 recessit,
364 2467 470 2523 redditu
481 2475 523 2522 est
534 2469 729 2538 tranquillitos3

111 2567 150 2621 Et
164 2583 262 2636 equor,
277 2567 426 2635 imperante
437 2573 475 2628 te,
489 2565 563 2635 quod
575 2565 666 2626 saeviit,

112 2661 190 2716 idem
202 2661 277 2724 illud,
292 2662 442 2730 imperante
453 2667 490 2724 te,
505 2660 631 2714 deseviit.

436 2773 477 2809 rx.

111 2853 145 2908 ln
157 2851 231 2906 mille
242 2860 395 2906 versantem
405 2852 507 2921 asperis
518 2852 653 2905 iuboribus

111 2949 161 3004 Me
171 2949 297 3018 protinus
305 2948 411 3018 juvabit
424 2955 452 3002 et
464 2947 595 3002 solabitur

111 3044 209 3099 Suavis
221 3043 343 3098 recensio
355 3050 397 3097 tot
408 3051 638 3104 aute-munerum,

111 3138 286 3210 Humilisque
297 3141 412 3209 plurium
427 3148 454 3194 et
465 3139 509 3209 pis
521 3139 680 3207 expectetio.
