<?xml version="1.0" encoding="UTF-8"?>
<!DOCTYPE html PUBLIC "-//W3C//DTD XHTML 1.0 Transitional//EN"
    "http://www.w3.org/TR/xhtml1/DTD/xhtml1-transitional.dtd">
<html xmlns="http://www.w3.org/1999/xhtml" xml:lang="en" lang="en">
 <head>
  <title>
</title>
<meta http-equiv="Content-Type" content="text/html;charset=utf-8" />
  <meta name='ocr-system' content='tesseract 3.04.00' />
  <meta name='ocr-capabilities' content='ocr_page ocr_carea ocr_par ocr_line ocrx_word'/>
</head>
<body>
  <div class='ocr_page' id='page_1' title='image "./poeticalworksla01bourgoog_0135.png"; bbox 0 0 1994 3398; ppageno 0'>
   <div class='ocr_carea' id='block_1_1' title="bbox 363 179 488 218">
    <p class='ocr_par' dir='ltr' id='par_1_1' title="bbox 363 179 488 218">
     <span class='ocr_line' id='line_1_1' title="bbox 363 179 488 218; baseline -0.024 0"><span class='ocrx_word' id='word_1_1' title='bbox 363 179 488 218; x_wconf 67' lang='lat' dir='ltr'><strong>HELIBSA.</strong></span> 
     </span>
    </p>
   </div>
   <div class='ocr_carea' id='block_1_2' title="bbox 63 317 678 3190">
    <p class='ocr_par' dir='ltr' id='par_1_2' title="bbox 63 317 557 486">
     <span class='ocr_line' id='line_1_2' title="bbox 63 317 557 380; baseline -0.008 -5"><span class='ocrx_word' id='word_1_2' title='bbox 63 321 120 375; x_wconf 89' lang='lat' dir='ltr'><strong>Suo</strong></span> <span class='ocrx_word' id='word_1_3' title='bbox 133 321 235 374; x_wconf 86' lang='lat' dir='ltr'>rubore</span> <span class='ocrx_word' id='word_1_4' title='bbox 247 335 340 380; x_wconf 73' lang='lat' dir='ltr'><strong>rosea,</strong></span> <span class='ocrx_word' id='word_1_5' title='bbox 360 326 388 372; x_wconf 86' lang='lat' dir='ltr'><strong>et</strong></span> <span class='ocrx_word' id='word_1_6' title='bbox 400 317 557 372; x_wconf 81' lang='lat' dir='ltr'><strong>innocentia</strong></span> 
     </span>
     <span class='ocr_line' id='line_1_3' title="bbox 97 417 417 486; baseline -0.006 -14"><span class='ocrx_word' id='word_1_7' title='bbox 97 418 223 472; x_wconf 79' lang='lat' dir='ltr'>cadente</span> <span class='ocrx_word' id='word_1_8' title='bbox 235 418 327 486; x_wconf 88' lang='lat' dir='ltr'><strong>purior</strong></span> <span class='ocrx_word' id='word_1_9' title='bbox 339 417 417 478; x_wconf 84' lang='lat' dir='ltr'><strong>nive;</strong></span> 
     </span>
    </p>

    <p class='ocr_par' dir='ltr' id='par_1_3' title="bbox 64 511 651 680">
     <span class='ocr_line' id='line_1_4' title="bbox 64 511 651 583; baseline -0.005 -16"><span class='ocrx_word' id='word_1_10' title='bbox 64 515 161 568; x_wconf 80' lang='lat' dir='ltr'>Aderit</span> <span class='ocrx_word' id='word_1_11' title='bbox 173 531 258 576; x_wconf 80' lang='lat' dir='ltr'><strong>amor,</strong></span> <span class='ocrx_word' id='word_1_12' title='bbox 273 514 350 577; x_wconf 87' lang='lat' dir='ltr'><strong>risus,</strong></span> <span class='ocrx_word' id='word_1_13' title='bbox 366 514 498 583; x_wconf 85' lang='lat' dir='ltr'><strong>voluptas,</strong></span> <span class='ocrx_word' id='word_1_14' title='bbox 513 511 651 582; x_wconf 88' lang='lat' dir='ltr'><strong>gaudium,</strong></span> 
     </span>
     <span class='ocr_line' id='line_1_5' title="bbox 96 611 430 680; baseline -0.006 -15"><span class='ocrx_word' id='word_1_15' title='bbox 96 612 134 665; x_wconf 88' lang='lat' dir='ltr'><strong>Et</strong></span> <span class='ocrx_word' id='word_1_16' title='bbox 146 612 237 666; x_wconf 88' lang='lat' dir='ltr'><strong>litium</strong></span> <span class='ocrx_word' id='word_1_17' title='bbox 249 611 332 680; x_wconf 81' lang='lat' dir='ltr'><strong>fugax</strong></span> <span class='ocrx_word' id='word_1_18' title='bbox 344 611 430 680; x_wconf 89' lang='lat' dir='ltr'><strong>quies.</strong></span> 
     </span>
    </p>

    <p class='ocr_par' dir='ltr' id='par_1_4' title="bbox 64 704 649 861">
     <span class='ocr_line' id='line_1_6' title="bbox 64 704 649 774; baseline -0.002 -15"><span class='ocrx_word' id='word_1_19' title='bbox 64 708 161 761; x_wconf 83' lang='lat' dir='ltr'>Aderit</span> <span class='ocrx_word' id='word_1_20' title='bbox 172 706 269 761; x_wconf 86' lang='lat' dir='ltr'><strong>labella</strong></span> <span class='ocrx_word' id='word_1_21' title='bbox 280 707 460 774; x_wconf 82' lang='lat' dir='ltr'><strong>comprimens</strong></span> <span class='ocrx_word' id='word_1_22' title='bbox 473 704 649 766; x_wconf 84' lang='lat' dir='ltr'><strong>taciturnitas,</strong></span> 
     </span>
     <span class='ocr_line' id='line_1_7' title="bbox 96 800 473 861; baseline -0.005 -5"><span class='ocrx_word' id='word_1_23' title='bbox 96 803 135 856; x_wconf 84' lang='lat' dir='ltr'><strong>Et</strong></span> <span class='ocrx_word' id='word_1_24' title='bbox 147 802 255 856; x_wconf 83' lang='lat' dir='ltr'><strong>loederis</strong></span> <span class='ocrx_word' id='word_1_25' title='bbox 267 817 378 855; x_wconf 86' lang='lat' dir='ltr'><strong>servans</strong></span> <span class='ocrx_word' id='word_1_26' title='bbox 390 800 473 861; x_wconf 71' lang='lat' dir='ltr'><strong>fides,</strong></span> 
     </span>
    </p>

    <p class='ocr_par' dir='ltr' id='par_1_5' title="bbox 63 895 613 1063">
     <span class='ocr_line' id='line_1_8' title="bbox 63 895 613 966; baseline -0.005 -14"><span class='ocrx_word' id='word_1_27' title='bbox 63 897 99 954; x_wconf 87' lang='lat' dir='ltr'><strong>Et</strong></span> <span class='ocrx_word' id='word_1_28' title='bbox 110 900 202 953; x_wconf 89' lang='lat' dir='ltr'><strong>omnis</strong></span> <span class='ocrx_word' id='word_1_29' title='bbox 215 906 331 953; x_wconf 86' lang='lat' dir='ltr'><strong>eventus</strong></span> <span class='ocrx_word' id='word_1_30' title='bbox 343 895 613 966; x_wconf 72' lang='lat' dir='ltr'><strong>memor&#39;prudentia,</strong></span> 
     </span>
     <span class='ocr_line' id='line_1_9' title="bbox 96 993 499 1063; baseline -0.005 -15"><span class='ocrx_word' id='word_1_31' title='bbox 96 995 239 1063; x_wconf 87' lang='lat' dir='ltr'><strong>Divesque</strong></span> <span class='ocrx_word' id='word_1_32' title='bbox 251 1011 342 1048; x_wconf 91' lang='lat' dir='ltr'><strong>rernm</strong></span> <span class='ocrx_word' id='word_1_33' title='bbox 354 993 499 1047; x_wconf 81' lang='lat' dir='ltr'><strong>industria:</strong></span> 
     </span>
    </p>

    <p class='ocr_par' dir='ltr' id='par_1_6' title="bbox 64 1088 615 1257">
     <span class='ocr_line' id='line_1_10' title="bbox 64 1088 615 1159; baseline -0.004 -15"><span class='ocrx_word' id='word_1_34' title='bbox 64 1091 187 1146; x_wconf 77' lang='lat' dir='ltr'><strong>Accedet</strong></span> <span class='ocrx_word' id='word_1_35' title='bbox 199 1090 242 1144; x_wconf 88' lang='lat' dir='ltr'><strong>his</strong></span> <span class='ocrx_word' id='word_1_36' title='bbox 255 1090 400 1144; x_wconf 89' lang='lat' dir='ltr'><strong>virtutibus</strong></span> <span class='ocrx_word' id='word_1_37' title='bbox 412 1090 456 1159; x_wconf 87' lang='lat' dir='ltr'><strong>pia</strong></span> <span class='ocrx_word' id='word_1_38' title='bbox 470 1088 615 1151; x_wconf 63' lang='lat' dir='ltr'><strong>humilitas»,</strong></span> 
     </span>
     <span class='ocr_line' id='line_1_11' title="bbox 97 1186 593 1257; baseline -0.006 -16"><span class='ocrx_word' id='word_1_39' title='bbox 97 1187 248 1257; x_wconf 84' lang='lat' dir='ltr'><strong>Nunquam</strong></span> <span class='ocrx_word' id='word_1_40' title='bbox 261 1187 403 1241; x_wconf 89' lang='lat' dir='ltr'><strong>immemor</strong></span> <span class='ocrx_word' id='word_1_41' title='bbox 417 1186 471 1240; x_wconf 93' lang='lat' dir='ltr'><strong>Dei</strong></span> <span class='ocrx_word' id='word_1_42' title='bbox 482 1192 530 1239; x_wconf 85' lang='lat' dir='ltr'><strong>aut</strong></span> <span class='ocrx_word' id='word_1_43' title='bbox 542 1186 593 1239; x_wconf 86' lang='lat' dir='ltr'><strong>sui.</strong></span> 
     </span>
    </p>

    <p class='ocr_par' dir='ltr' id='par_1_7' title="bbox 64 1281 599 1446">
     <span class='ocr_line' id='line_1_12' title="bbox 64 1281 599 1352; baseline -0.004 -16"><span class='ocrx_word' id='word_1_44' title='bbox 64 1281 169 1352; x_wconf 87' lang='lat' dir='ltr'><strong>Regina</strong></span> <span class='ocrx_word' id='word_1_45' title='bbox 181 1282 328 1351; x_wconf 87' lang='lat' dir='ltr'><strong>gratiarum</strong></span> <span class='ocrx_word' id='word_1_46' title='bbox 341 1281 427 1336; x_wconf 90' lang='lat' dir='ltr'><strong>aderit</strong></span> <span class='ocrx_word' id='word_1_47' title='bbox 438 1281 599 1342; x_wconf 83' lang='lat' dir='ltr'><strong>humanitas,</strong></span> 
     </span>
     <span class='ocr_line' id='line_1_13' title="bbox 97 1377 531 1446; baseline -0.002 -14"><span class='ocrx_word' id='word_1_48' title='bbox 97 1379 225 1433; x_wconf 84' lang='lat' dir='ltr'><strong>Perserre</strong></span> <span class='ocrx_word' id='word_1_49' title='bbox 236 1377 322 1432; x_wconf 80' lang='lat' dir='ltr'><strong>facilis</strong></span> <span class='ocrx_word' id='word_1_50' title='bbox 335 1385 363 1430; x_wconf 93' lang='lat' dir='ltr'><strong>et</strong></span> <span class='ocrx_word' id='word_1_51' title='bbox 375 1377 438 1446; x_wconf 88' lang='lat' dir='ltr'><strong>pati,</strong></span> <span class='ocrx_word' id='word_1_52' title='bbox 529 1395 531 1398; x_wconf 77' lang='grc'><strong>’</strong></span> 
     </span>
    </p>

    <p class='ocr_par' dir='ltr' id='par_1_8' title="bbox 64 1473 578 1638">
     <span class='ocr_line' id='line_1_14' title="bbox 64 1473 578 1544; baseline -0.006 -15"><span class='ocrx_word' id='word_1_53' title='bbox 64 1475 194 1530; x_wconf 87' lang='lat' dir='ltr'><strong>Humana</strong></span> <span class='ocrx_word' id='word_1_54' title='bbox 205 1475 229 1529; x_wconf 90' lang='lat' dir='ltr'><strong>si</strong></span> <span class='ocrx_word' id='word_1_55' title='bbox 241 1481 337 1528; x_wconf 87' lang='lat' dir='ltr'><strong>natura</strong></span> <span class='ocrx_word' id='word_1_56' title='bbox 349 1475 414 1544; x_wconf 89' lang='lat' dir='ltr'><strong>quid</strong></span> <span class='ocrx_word' id='word_1_57' title='bbox 428 1473 578 1543; x_wconf 87' lang='lat' dir='ltr'><strong>deliquerit,</strong></span> 
     </span>
     <span class='ocr_line' id='line_1_15' title="bbox 98 1569 499 1638; baseline -0.01 -14"><span class='ocrx_word' id='word_1_58' title='bbox 98 1572 158 1626; x_wconf 81' lang='lat' dir='ltr'><strong>Aut</strong></span> <span class='ocrx_word' id='word_1_59' title='bbox 170 1570 273 1624; x_wconf 86' lang='lat' dir='ltr'><strong>caverit</strong></span> <span class='ocrx_word' id='word_1_60' title='bbox 286 1569 374 1638; x_wconf 81' lang='lat' dir='ltr'><strong>siquid</strong></span> <span class='ocrx_word' id='word_1_61' title='bbox 387 1585 499 1637; x_wconf 81' lang='lat' dir='ltr'><strong>parum:</strong></span> 
     </span>
    </p>

    <p class='ocr_par' dir='ltr' id='par_1_9' title="bbox 65 1666 608 1833">
     <span class='ocr_line' id='line_1_16' title="bbox 65 1666 608 1735; baseline -0.007 -13"><span class='ocrx_word' id='word_1_62' title='bbox 65 1667 296 1722; x_wconf 84' lang='lat' dir='ltr'><strong>Calumniantium</strong></span> <span class='ocrx_word' id='word_1_63' title='bbox 309 1683 434 1720; x_wconf 88' lang='lat' dir='ltr'><strong>susurros</strong></span> <span class='ocrx_word' id='word_1_64' title='bbox 447 1666 608 1735; x_wconf 82' lang='lat' dir='ltr'><strong>improbans,</strong></span> 
     </span>
     <span class='ocr_line' id='line_1_17' title="bbox 98 1763 522 1833; baseline -0.009 -14"><span class='ocrx_word' id='word_1_65' title='bbox 98 1765 253 1833; x_wconf 88' lang='lat' dir='ltr'><strong>Paucisque</strong></span> <span class='ocrx_word' id='word_1_66' title='bbox 266 1770 358 1817; x_wconf 88' lang='lat' dir='ltr'><strong>notam</strong></span> <span class='ocrx_word' id='word_1_67' title='bbox 370 1763 522 1824; x_wconf 74' lang='lat' dir='ltr'><strong>infamiam,</strong></span> 
     </span>
    </p>

    <p class='ocr_par' dir='ltr' id='par_1_10' title="bbox 65 1859 619 2014">
     <span class='ocr_line' id='line_1_18' title="bbox 65 1859 619 1929; baseline -0.007 -13"><span class='ocrx_word' id='word_1_68' title='bbox 65 1859 178 1926; x_wconf 87' lang='lat' dir='ltr'><strong>Memor,</strong></span> <span class='ocrx_word' id='word_1_69' title='bbox 194 1861 282 1916; x_wconf 85' lang='lat' dir='ltr'><strong>invidi</strong></span> <span class='ocrx_word' id='word_1_70' title='bbox 294 1862 410 1914; x_wconf 84' lang='lat' dir='ltr'><strong>rumoris</strong></span> <span class='ocrx_word' id='word_1_71' title='bbox 423 1867 454 1914; x_wconf 92' lang='lat' dir='ltr'><strong>ut</strong></span> <span class='ocrx_word' id='word_1_72' title='bbox 467 1860 619 1929; x_wconf 82' lang='lat' dir='ltr'><strong>malignitas</strong></span> 
     </span>
     <span class='ocr_line' id='line_1_19' title="bbox 97 1959 477 2014; baseline -0.005 -1"><span class='ocrx_word' id='word_1_73' title='bbox 97 1959 223 2014; x_wconf 80' lang='lat' dir='ltr'><strong>inimicat</strong></span> <span class='ocrx_word' id='word_1_74' title='bbox 236 1961 318 2014; x_wconf 88' lang='lat' dir='ltr'><strong>urbes</strong></span> <span class='ocrx_word' id='word_1_75' title='bbox 331 1967 359 2013; x_wconf 87' lang='lat' dir='ltr'><strong>et</strong></span> <span class='ocrx_word' id='word_1_76' title='bbox 371 1959 477 2012; x_wconf 89' lang='lat' dir='ltr'><strong>domos.</strong></span> 
     </span>
    </p>

    <p class='ocr_par' dir='ltr' id='par_1_11' title="bbox 64 2055 640 2214">
     <span class='ocr_line' id='line_1_20' title="bbox 64 2055 640 2116; baseline 0 -8"><span class='ocrx_word' id='word_1_77' title='bbox 64 2055 248 2112; x_wconf 84' lang='lat' dir='ltr'><strong>Famulabitur</strong></span> <span class='ocrx_word' id='word_1_78' title='bbox 261 2063 367 2110; x_wconf 84' lang='lat' dir='ltr'><strong>castum</strong></span> <span class='ocrx_word' id='word_1_79' title='bbox 379 2056 488 2110; x_wconf 88' lang='lat' dir='ltr'><strong>intuens</strong></span> <span class='ocrx_word' id='word_1_80' title='bbox 500 2055 640 2116; x_wconf 87' lang='lat' dir='ltr'><strong>modestia,</strong></span> 
     </span>
     <span class='ocr_line' id='line_1_21' title="bbox 98 2153 482 2214; baseline -0.003 -7"><span class='ocrx_word' id='word_1_81' title='bbox 98 2153 135 2207; x_wconf 82' lang='lat' dir='ltr'><strong>Et</strong></span> <span class='ocrx_word' id='word_1_82' title='bbox 147 2155 228 2207; x_wconf 84' lang='lat' dir='ltr'><strong>docta</strong></span> <span class='ocrx_word' id='word_1_83' title='bbox 240 2153 317 2207; x_wconf 88' lang='lat' dir='ltr'><strong>cultu</strong></span> <span class='ocrx_word' id='word_1_84' title='bbox 330 2153 482 2214; x_wconf 86' lang='lat' dir='ltr'><strong>urbanitas;</strong></span> 
     </span>
    </p>

    <p class='ocr_par' dir='ltr' id='par_1_12' title="bbox 65 2246 625 2415">
     <span class='ocr_line' id='line_1_22' title="bbox 65 2246 625 2318; baseline -0.002 -17"><span class='ocrx_word' id='word_1_85' title='bbox 65 2246 99 2302; x_wconf 83' lang='lat' dir='ltr'><strong>Et</strong></span> <span class='ocrx_word' id='word_1_86' title='bbox 110 2249 222 2302; x_wconf 83' lang='lat' dir='ltr'><strong>advenis</strong></span> <span class='ocrx_word' id='word_1_87' title='bbox 235 2265 352 2318; x_wconf 78' lang='lat' dir='ltr'><strong>presens</strong></span> <span class='ocrx_word' id='word_1_88' title='bbox 364 2249 437 2302; x_wconf 90' lang='lat' dir='ltr'><strong>dorni</strong></span> <span class='ocrx_word' id='word_1_89' title='bbox 450 2247 625 2316; x_wconf 75' lang='lat' dir='ltr'><strong>hospitalitas,</strong></span> 
     </span>
     <span class='ocr_line' id='line_1_23' title="bbox 99 2347 483 2415; baseline -0.003 -16"><span class='ocrx_word' id='word_1_90' title='bbox 99 2347 202 2415; x_wconf 84' lang='lat' dir='ltr'><strong>Aperta</strong></span> <span class='ocrx_word' id='word_1_91' title='bbox 216 2347 310 2400; x_wconf 87' lang='lat' dir='ltr'><strong>vultus</strong></span> <span class='ocrx_word' id='word_1_92' title='bbox 322 2353 350 2400; x_wconf 90' lang='lat' dir='ltr'><strong>et</strong></span> <span class='ocrx_word' id='word_1_93' title='bbox 363 2362 483 2399; x_wconf 86' lang='lat' dir='ltr'><strong>manum.</strong></span> 
     </span>
    </p>

    <p class='ocr_par' dir='ltr' id='par_1_13' title="bbox 66 2441 571 2599">
     <span class='ocr_line' id='line_1_24' title="bbox 66 2441 571 2511; baseline 0 -16"><span class='ocrx_word' id='word_1_94' title='bbox 66 2441 114 2496; x_wconf 89' lang='lat' dir='ltr'><strong>His</strong></span> <span class='ocrx_word' id='word_1_95' title='bbox 127 2460 190 2496; x_wconf 88' lang='lat' dir='ltr'><strong>cum</strong></span> <span class='ocrx_word' id='word_1_96' title='bbox 203 2443 340 2497; x_wconf 86' lang='lat' dir='ltr'><strong>sodalibus</strong></span> <span class='ocrx_word' id='word_1_97' title='bbox 355 2442 466 2496; x_wconf 87' lang='lat' dir='ltr'><strong>Melissa</strong></span> <span class='ocrx_word' id='word_1_98' title='bbox 478 2441 571 2511; x_wconf 84' lang='lat' dir='ltr'><strong>gratiis</strong></span> 
     </span>
     <span class='ocr_line' id='line_1_25' title="bbox 99 2536 504 2599; baseline 0 -9"><span class='ocrx_word' id='word_1_99' title='bbox 99 2536 225 2592; x_wconf 88' lang='lat' dir='ltr'><strong>Ducetur</strong></span> <span class='ocrx_word' id='word_1_100' title='bbox 237 2539 271 2591; x_wconf 86' lang='lat' dir='ltr'><strong>ad</strong></span> <span class='ocrx_word' id='word_1_101' title='bbox 283 2545 359 2591; x_wconf 90' lang='lat' dir='ltr'><strong>tuam</strong></span> <span class='ocrx_word' id='word_1_102' title='bbox 375 2539 504 2599; x_wconf 85' lang='lat' dir='ltr'><strong>domum;</strong></span> 
     </span>
    </p>

    <p class='ocr_par' dir='ltr' id='par_1_14' title="bbox 66 2632 678 2800">
     <span class='ocr_line' id='line_1_26' title="bbox 66 2632 678 2703; baseline -0.002 -17"><span class='ocrx_word' id='word_1_103' title='bbox 66 2632 171 2698; x_wconf 83' lang='lat' dir='ltr'><strong>Fidelis,</strong></span> <span class='ocrx_word' id='word_1_104' title='bbox 187 2651 291 2702; x_wconf 84' lang='lat' dir='ltr'><strong>aegrum</strong></span> <span class='ocrx_word' id='word_1_105' title='bbox 304 2634 432 2703; x_wconf 91' lang='lat' dir='ltr'><strong>quicquid</strong></span> <span class='ocrx_word' id='word_1_106' title='bbox 444 2639 490 2686; x_wconf 87' lang='lat' dir='ltr'><strong>aut</strong></span> <span class='ocrx_word' id='word_1_107' title='bbox 502 2632 615 2687; x_wconf 88' lang='lat' dir='ltr'><strong>laetabile</strong></span> <span class='ocrx_word' id='word_1_108' title='bbox 627 2638 678 2694; x_wconf 85' lang='lat' dir='ltr'><strong>cst,</strong></span> 
     </span>
     <span class='ocr_line' id='line_1_27' title="bbox 98 2732 478 2800; baseline -0.003 -15"><span class='ocrx_word' id='word_1_109' title='bbox 98 2732 136 2786; x_wconf 89' lang='lat' dir='ltr'><strong>Et</strong></span> <span class='ocrx_word' id='word_1_110' title='bbox 148 2749 212 2786; x_wconf 85' lang='lat' dir='ltr'><strong>vera</strong></span> <span class='ocrx_word' id='word_1_111' title='bbox 223 2739 315 2786; x_wconf 91' lang='lat' dir='ltr'><strong>tecum</strong></span> <span class='ocrx_word' id='word_1_112' title='bbox 328 2733 461 2800; x_wconf 89' lang='lat' dir='ltr'><strong>particeps</strong></span> <span class='ocrx_word' id='word_1_113' title='bbox 471 2753 478 2793; x_wconf 73' lang='grc' dir='ltr'>ς</span> 
     </span>
    </p>

    <p class='ocr_par' dir='ltr' id='par_1_15' title="bbox 68 2826 596 2992">
     <span class='ocr_line' id='line_1_28' title="bbox 68 2826 596 2898; baseline 0 -18"><span class='ocrx_word' id='word_1_114' title='bbox 68 2826 182 2882; x_wconf 87' lang='lat' dir='ltr'><strong>Solando</strong></span> <span class='ocrx_word' id='word_1_115' title='bbox 195 2845 254 2898; x_wconf 88' lang='lat' dir='ltr'><strong>quae</strong></span> <span class='ocrx_word' id='word_1_116' title='bbox 266 2845 392 2883; x_wconf 84' lang='lat' dir='ltr'><strong>curarum</strong></span> <span class='ocrx_word' id='word_1_117' title='bbox 405 2845 494 2882; x_wconf 85' lang='lat' dir='ltr'><strong>amara</strong></span> <span class='ocrx_word' id='word_1_118' title='bbox 504 2828 596 2890; x_wconf 85' lang='lat' dir='ltr'><strong>leniat,</strong></span> 
     </span>
     <span class='ocr_line' id='line_1_29' title="bbox 100 2922 477 2992; baseline 0.005 -16"><span class='ocrx_word' id='word_1_119' title='bbox 100 2922 136 2978; x_wconf 82' lang='lat' dir='ltr'><strong>Et</strong></span> <span class='ocrx_word' id='word_1_120' title='bbox 147 2924 316 2980; x_wconf 88' lang='lat' dir='ltr'><strong>consulendo</strong></span> <span class='ocrx_word' id='word_1_121' title='bbox 328 2932 477 2992; x_wconf 86' lang='lat' dir='ltr'><strong>temperet;</strong></span> 
     </span>
    </p>

    <p class='ocr_par' dir='ltr' id='par_1_16' title="bbox 69 3018 535 3190">
     <span class='ocr_line' id='line_1_30' title="bbox 69 3018 535 3092; baseline 0.002 -21"><span class='ocrx_word' id='word_1_122' title='bbox 69 3018 191 3076; x_wconf 83' lang='lat' dir='ltr'><strong>Fruendo</strong></span> <span class='ocrx_word' id='word_1_123' title='bbox 204 3038 264 3092; x_wconf 82' lang='lat' dir='ltr'><strong>quae</strong></span> <span class='ocrx_word' id='word_1_124' title='bbox 275 3021 417 3076; x_wconf 75' lang='lat' dir='ltr'><strong>felicitates</strong></span> <span class='ocrx_word' id='word_1_125' title='bbox 429 3026 535 3088; x_wconf 85' lang='lat' dir='ltr'><strong>augeat,</strong></span> 
     </span>
     <span class='ocr_line' id='line_1_31' title="bbox 101 3118 495 3190; baseline -0.015 -18"><span class='ocrx_word' id='word_1_126' title='bbox 101 3119 137 3172; x_wconf 86' lang='lat' dir='ltr'><strong>Et</strong></span> <span class='ocrx_word' id='word_1_127' title='bbox 148 3136 207 3190; x_wconf 80' lang='lat' dir='ltr'><strong>quae</strong></span> <span class='ocrx_word' id='word_1_128' title='bbox 220 3119 298 3173; x_wconf 87' lang='lat' dir='ltr'><strong>novis</strong></span> <span class='ocrx_word' id='word_1_129' title='bbox 309 3118 390 3173; x_wconf 90' lang='lat' dir='ltr'><strong>addat</strong></span> <span class='ocrx_word' id='word_1_130' title='bbox 403 3132 495 3169; x_wconf 88' lang='lat' dir='ltr'><strong>novas.</strong></span> 
     </span>
    </p>
   </div>
   <div class='ocr_carea' id='block_1_3' title="bbox 0 0 1007 3398">
    <p class='ocr_par' dir='ltr' id='par_1_17' title="bbox 0 0 1007 3398">
     <span class='ocr_line' id='line_1_32' title="bbox 0 0 1007 3398; baseline 0 0"><span class='ocrx_word' id='word_1_131' title='bbox 0 0 1007 3398; x_wconf 95' lang='lat' dir='ltr'><strong> </strong></span> 
     </span>
    </p>
   </div>
  </div>
 </body>
</html>
