1994 3398
240 155 275 188 an
294 153 446 190 consuatur
466 155 590 191 rannus.
764 142 813 190 139

23 292 128 352 Quanta
140 309 205 346 cum
218 293 302 348 stellis
314 294 405 356 stellae,
420 311 537 364 cumque
549 296 658 349 orbibus
671 297 757 359 orbes,

53 389 202 443 Harmonia
213 398 330 454 servent,
343 408 451 460 quoque
463 399 567 455 tenore,
583 392 669 446 vices:

21 485 121 555 lmpete
133 503 191 556 quo
204 504 313 540 cursum
326 487 458 540 acceleret
467 504 514 556 per
527 487 607 540 inane
619 496 746 551 cometes,

52 583 155 654 Urgeat
167 591 199 638 ut
211 585 328 653 rapidam
337 584 537 652 praeoipitetque
548 583 657 653 fugam:
728 599 736 610 ·

21 679 80 734 llaec
91 681 140 735 ille
152 683 308 750 expendens
321 681 418 744 animo,
433 682 498 735 dum
510 681 648 735 schemata
659 683 738 737 docta

53 768 171 832 Format,
186 776 213 823 et
225 771 259 822 ad
271 785 398 824 numeros
407 770 509 838 grande
522 771 626 824 reducit
636 786 704 838 opus
715 793 722 830 ;

19 863 61 918 Tu
73 881 185 934 quoque
197 873 328 934 cognatus
340 865 431 928 stellis,
450 865 584 934 Martique
597 866 612 919 J
615 867 732 935 ovique„

53 962 191 1016 Mercurio
204 970 232 1016 et
244 963 351 1026 Veneri,
365 979 421 1016 non
434 963 508 1016 rudis
517 963 615 1031 hospes
629 980 704 1016 eras:

20 1057 115 1128 Tuque
127 1057 308 1127 genethliacus
320 1059 404 1112 solers
417 1058 547 1127 quadrare
559 1059 678 1122 tabellas,

52 1154 128 1208 Felix
139 1155 235 1208 natalis
246 1171 333 1208 neone
341 1155 376 1208 sit
388 1154 460 1216 hora,
476 1155 557 1208 doces
568 1177 575 1215 ι

20 1252 79 1313 Quo
87 1253 218 1322 junctum
230 1252 329 1305 affectu
340 1252 422 1306 fuerit
435 1269 497 1306 cum
510 1252 598 1306 sidere
610 1252 693 1316 sidus,

53 1349 124 1413 Quo,
139 1350 214 1419 legis,
229 1357 340 1418 aspectu
351 1365 395 1402 res
404 1348 582 1418 hominesque
594 1357 677 1418 regat.

21 1445 114 1515 Tuque
128 1446 216 1508 etiam
234 1444 366 1514 interpres
377 1444 502 1508 fatorum,
518 1453 545 1499 et
558 1446 674 1499 nuncius
686 1446 772 1509 astris

52 1545 170 1598 Callidus
182 1542 310 1596 aethereas
322 1557 351 1594 es
363 1557 483 1595 reserare
492 1541 595 1595 domos.

23 1646 105 1706 Quem
113 1645 219 1699 meritis
230 1643 340 1697 fortuna
350 1643 406 1696 tuis
417 1641 529 1696 indulsit
540 1641 679 1704 honorem,

52 1743 156 1798 Oadeo
168 1741 266 1795 illustri
278 1741 359 1810 digne
371 1739 492 1792 minister
504 1738 570 1792 hero
582 1737 589 1794 l

23 1839 83 1900 Quis
94 1857 152 1893 non
164 1839 284 1892 invideat
294 1838 376 1891 frater
386 1837 434 1890 tibi
445 1835 565 1889 muneris
576 1835 663 1889 illud?
762 1852 765 1857 ’

52 1937 118 1999 Quis
132 1946 181 1993 tua
192 1953 248 1991 non
259 1936 351 1989 laudet
362 1934 450 1988 sidera
462 1933 620 2001 φιλομαθήιι

22 2035 84 2088 Cum
92 2036 179 2090 musis
190 2050 272 2088 musae
281 2032 453 2093 famulantur,
466 2039 493 2084 et
505 2029 606 2083 artibus
618 2036 695 2090 artes,

53 2135 148 2206 Maiori
161 2137 205 2202 (ut
216 2133 256 2186 sus
269 2134 322 2200 est)
342 2128 501 2198 obsequiosa
513 2127 601 2180 minor
612 2147 618 2185 ;

23 2231 74 2287 Nec
85 2233 181 2287 melior
193 2232 237 2284 lex
251 2238 300 2292 est,
315 2244 367 2282 neo
379 2224 582 2280 convenientior
594 2239 678 2292 equo,

54 2332 140 2392 Quam
149 2331 203 2386 siet
214 2337 369 2384 astronomo
381 2340 476 2379 servus
489 2330 520 2376 ut
532 2321 690 2388 astrologus.
