1986 3398
187 168 295 204 ruuxus
314 168 348 203 sn
368 167 512 202 usruoxus
532 166 625 209 unsre,
641 165 700 200 suc.
801 151 850 199 195

44 312 254 380 Quoesitunrque
267 312 351 364 decus
365 311 475 372 meritis,
491 319 519 363 et
530 309 614 377 digne
624 315 726 376 tropeo

43 407 174 474 lrnpetil;
194 408 357 474 abrumpens
369 422 532 466 sermonem,
547 405 613 458 duur
625 403 724 471 premit
736 403 810 456 intus

43 501 186 570 Reliquias
198 502 261 565 odii,
277 503 413 570 taciteque
424 501 548 569 loquacia
562 501 651 553 verba.

43 598 138 651 Zoilus
150 598 255 666 aspexit
267 599 290 651 si
303 597 375 651 forte
387 600 512 666 poemate
528 595 633 658 Gerthl

45 693 70 748 Ο
84 700 218 762 quantum
232 692 387 762 ingenium!
409 693 560 753 exclamet3
580 694 629 746 sed
640 692 739 746 dicitur
751 691 831 744 ille-

82 791 174 852 Qunm
186 806 256 859 saepe
267 790 386 858 innuptae
398 790 498 843 ludunt
511 789 561 842 hae
574 805 641 842 voce
653 785 769 856 puellael

46 887 193 954 Quamque
205 886 249 955 pin
261 886 370 940 insidias
382 887 505 954 gaudens
518 892 669 952 praetexere
682 883 783 950 lingua,

45 982 127 1036 Caelia
138 981 264 1051 praesatur
273 980 389 1035 l-Mibi
402 999 457 1034 non
471 980 580 1033 iufamia
592 995 663 1032 curae
676 986 735 1038 esu

45 1077 130 1130 Mene
138 1083 239 1140 movet,
250 1079 378 1146 quonium
387 1084 429 1131 est
438 1077 503 1129 huic
513 1077 598 1144 maj01
606 1076 688 1128 turbe
695 1089 849 1142 procorum,

44 1173 189 1226 Pulchrior
201 1172 266 1236 hec,
281 1181 329 1225 aut
341 1171 459 1240 estquis
470 1169 567 1224 ditior?
591 1177 633 1224 est
645 1170 733 1222 honor
747 1167 806 1221 uui-

43 1270 153 1339 Cuique
166 1286 249 1323 suusz
269 1285 365 1322 verum
376 1269 499 1322 laudaret
511 1268 534 1322 si
547 1269 607 1336 quis
620 1267 711 1320 emieae

43 1367 195 1435 Fulgentes
207 1367 309 1428 oculos,
325 1375 384 1420 tum
396 1366 520 1435 protinus
533 1365 594 1426 illu;
614 1366 664 1418 red
674 1364 775 1417 olim-

42 1463 157 1516 Dieerel
171 1479 231 1516 esse
243 1461 376 1530 probam?
395 1470 454 1514 lum
467 1459 697 1529 suspirabit‚-At
709 1466 737 1512 at
750 1464 781 1511 tu

43 1559 179 1627 Nunquid
193 1559 227 1611 de
240 1573 325 1626 puero
338 1555 457 1610 audisti?
483 1555 575 1609 cubito
588 1571 672 1624 prope
684 1561 803 1607 stentem

42 1657 185 1724 Tangens.
207 1657 278 1710 Sunt
286 1655 367 1709 etiam
376 1655 433 1708 hmo
444 1653 542 1707 velulis
552 1651 738 1722 monosyllaba
745 1649 830 1710 cordi,

42 1755 98 1808 Sed
112 1770 173 1806 mea
185 1752 294 1806 fabellas
307 1769 384 1806 muse
396 1752 551 1819 indignetur
562 1750 656 1804 aniles.

206 1916 380 1979 Cantabrigiae,
393 1917 419 1964 in
431 1915 546 1964 Comitiis
555 1915 686 1978 prioribus,
702 1914 819 1964 1717-18.

43 2396 205 2452 FLUXUS
220 2397 272 2450 ET
290 2392 503 2449 REFLUXUS
521 2391 644 2445 MARIS
661 2388 852 2443 PENDENT

118 2523 171 2576 AB
188 2519 434 2596 norroulssus
449 2516 561 2572 SOLIS
583 2516 635 2569 ΕΤ
651 2513 780 2568 LUNAE.

46 2695 124 2754 Qoro
136 2699 214 2759 reget
226 2690 344 2744 alternos
356 2698 446 2751 ustus,
461 2705 515 2757 qun
527 2687 554 2740 vi
565 2687 619 2740 alte
631 2691 783 2738 tumescent

44 2790 175 2858 AEquora,
191 2793 219 2840 el
232 2784 308 2839 elutis
320 2785 462 2852 insurgant
473 2782 601 2835 fluctibus
614 2773 710 2838 unone}

47 2885 170 2939 Humida
181 2883 247 2951 quid
256 2882 352 2950 jubeat
365 2889 437 2934 retro
450 2880 575 2946 sublapsa
588 2876 681 2929 referri

47 2981 152 3050 Regna,
167 2995 244 3040 euno,
259 2977 410 3045 pelagoque
423 2974 516 3027 volans
528 2972 564 3024 do
578 2970 637 3022 vele
649 2968 760 3036 petenti.
