<?xml version="1.0" encoding="UTF-8"?>
<!DOCTYPE html PUBLIC "-//W3C//DTD XHTML 1.0 Transitional//EN"
    "http://www.w3.org/TR/xhtml1/DTD/xhtml1-transitional.dtd">
<html xmlns="http://www.w3.org/1999/xhtml" xml:lang="en" lang="en">
 <head>
  <title>
</title>
<meta http-equiv="Content-Type" content="text/html;charset=utf-8" />
  <meta name='ocr-system' content='tesseract 3.04.00' />
  <meta name='ocr-capabilities' content='ocr_page ocr_carea ocr_par ocr_line ocrx_word'/>
</head>
<body>
  <div class='ocr_page' id='page_1' title='image "./poeticalworksla01bourgoog_0283.png"; bbox 0 0 2002 3400; ppageno 0'>
   <div class='ocr_carea' id='block_1_1' title="bbox 298 137 849 188">
    <p class='ocr_par' dir='ltr' id='par_1_1' title="bbox 298 137 849 188">
     <span class='ocr_line' id='line_1_1' title="bbox 298 137 849 188; baseline -0.002 -2"><span class='ocrx_word' id='word_1_1' title='bbox 298 150 437 188; x_wconf 77' lang='lat' dir='ltr'><strong>uersuum</strong></span> <span class='ocrx_word' id='word_1_2' title='bbox 456 151 598 188; x_wconf 69' lang='lat' dir='ltr'><strong>numanus.</strong></span> <span class='ocrx_word' id='word_1_3' title='bbox 796 137 849 186; x_wconf 73' lang='lat'><strong>263</strong></span> 
     </span>
    </p>
   </div>
   <div class='ocr_carea' id='block_1_2' title="bbox 43 293 848 1702">
    <p class='ocr_par' dir='ltr' id='par_1_2' title="bbox 43 293 848 1702">
     <span class='ocr_line' id='line_1_2' title="bbox 51 293 841 362; baseline -0.004 -14"><span class='ocrx_word' id='word_1_4' title='bbox 51 295 159 348; x_wconf 85' lang='lat' dir='ltr'><strong>Circum</strong></span> <span class='ocrx_word' id='word_1_5' title='bbox 173 293 278 347; x_wconf 86' lang='lat' dir='ltr'><strong>ululare</strong></span> <span class='ocrx_word' id='word_1_6' title='bbox 289 293 359 362; x_wconf 68' lang='lat' dir='ltr'><strong>lupis</strong></span> <span class='ocrx_word' id='word_1_7' title='bbox 380 309 505 362; x_wconf 91' lang='lat' dir='ltr'><strong>quorum,</strong></span> <span class='ocrx_word' id='word_1_8' title='bbox 520 295 586 346; x_wconf 92' lang='lat' dir='ltr'><strong>dum</strong></span> <span class='ocrx_word' id='word_1_9' title='bbox 598 294 696 346; x_wconf 84' lang='lat' dir='ltr'><strong>bruma</strong></span> <span class='ocrx_word' id='word_1_10' title='bbox 706 294 841 354; x_wconf 85' lang='lat' dir='ltr'><strong>manebat,</strong></span> 
     </span>
     <span class='ocr_line' id='line_1_3' title="bbox 50 389 790 459; baseline -0.005 -14"><span class='ocrx_word' id='word_1_11' title='bbox 50 391 121 446; x_wconf 85' lang='lat' dir='ltr'><strong>Cum</strong></span> <span class='ocrx_word' id='word_1_12' title='bbox 133 390 238 459; x_wconf 81' lang='lat' dir='ltr'><strong>gemitu</strong></span> <span class='ocrx_word' id='word_1_13' title='bbox 249 389 345 457; x_wconf 83' lang='lat' dir='ltr'><strong>fugere</strong></span> <span class='ocrx_word' id='word_1_14' title='bbox 356 389 459 452; x_wconf 82' lang='lat' dir='ltr'><strong>anime,</strong></span> <span class='ocrx_word' id='word_1_15' title='bbox 475 389 640 457; x_wconf 80' lang='lat' dir='ltr'><strong>dubiamque</strong></span> <span class='ocrx_word' id='word_1_16' title='bbox 652 394 790 457; x_wconf 85' lang='lat' dir='ltr'><strong>superstes</strong></span> 
     </span>
     <span class='ocr_line' id='line_1_4' title="bbox 50 483 829 551; baseline -0.005 -12"><span class='ocrx_word' id='word_1_17' title='bbox 50 485 182 539; x_wconf 83' lang='lat' dir='ltr'><strong>Sollicitat</strong></span> <span class='ocrx_word' id='word_1_18' title='bbox 192 484 317 538; x_wconf 82' lang='lat' dir='ltr'>fremitus</span> <span class='ocrx_word' id='word_1_19' title='bbox 330 489 458 546; x_wconf 84' lang='lat' dir='ltr'><strong>mentem,</strong></span> <span class='ocrx_word' id='word_1_20' title='bbox 474 490 502 536; x_wconf 90' lang='lat' dir='ltr'><strong>et</strong></span> <span class='ocrx_word' id='word_1_21' title='bbox 514 500 568 536; x_wconf 88' lang='lat' dir='ltr'><strong>vox</strong></span> <span class='ocrx_word' id='word_1_22' title='bbox 580 483 725 551; x_wconf 88' lang='lat' dir='ltr'><strong>posthuma</strong></span> <span class='ocrx_word' id='word_1_23' title='bbox 736 489 829 537; x_wconf 88' lang='lat' dir='ltr'><strong>terret.</strong></span> 
     </span>
     <span class='ocr_line' id='line_1_5' title="bbox 85 577 755 647; baseline -0.001 -14"><span class='ocrx_word' id='word_1_24' title='bbox 85 578 168 633; x_wconf 86' lang='lat' dir='ltr'><strong>Haud</strong></span> <span class='ocrx_word' id='word_1_25' title='bbox 181 578 307 646; x_wconf 84' lang='lat' dir='ltr'>equidem</span> <span class='ocrx_word' id='word_1_26' title='bbox 320 578 401 631; x_wconf 88' lang='lat' dir='ltr'><strong>credo</strong></span> <span class='ocrx_word' id='word_1_27' title='bbox 413 584 504 646; x_wconf 78' lang='lat' dir='ltr'><strong>spreta</strong></span> <span class='ocrx_word' id='word_1_28' title='bbox 515 578 648 632; x_wconf 84' lang='lat' dir='ltr'><strong>decedere</strong></span> <span class='ocrx_word' id='word_1_29' title='bbox 663 577 755 647; x_wconf 86' lang='lat' dir='ltr'><strong>Cypro</strong></span> 
     </span>
     <span class='ocr_line' id='line_1_6' title="bbox 48 671 741 743; baseline -0.003 -15"><span class='ocrx_word' id='word_1_30' title='bbox 48 674 194 742; x_wconf 79' lang='lat' dir='ltr'><strong>Idedisque</strong></span> <span class='ocrx_word' id='word_1_31' title='bbox 201 673 276 743; x_wconf 83' lang='lat' dir='ltr'><strong>jugis</strong></span> <span class='ocrx_word' id='word_1_32' title='bbox 289 672 433 734; x_wconf 83' lang='lat' dir='ltr'><strong>Venerem,</strong></span> <span class='ocrx_word' id='word_1_33' title='bbox 448 671 591 741; x_wconf 85' lang='lat' dir='ltr'><strong>gelidaque</strong></span> <span class='ocrx_word' id='word_1_34' title='bbox 603 673 654 726; x_wconf 89' lang='lat' dir='ltr'><strong>sub</strong></span> <span class='ocrx_word' id='word_1_35' title='bbox 667 679 741 726; x_wconf 89' lang='lat' dir='ltr'><strong>arcto</strong></span> 
     </span>
     <span class='ocr_line' id='line_1_7' title="bbox 46 768 848 838; baseline -0.001 -14"><span class='ocrx_word' id='word_1_36' title='bbox 46 771 204 824; x_wconf 78' lang='lat' dir='ltr'><strong>Instaurare</strong></span> <span class='ocrx_word' id='word_1_37' title='bbox 215 769 330 829; x_wconf 86' lang='lat' dir='ltr'><strong>ch0r0s;</strong></span> <span class='ocrx_word' id='word_1_38' title='bbox 355 768 380 821; x_wconf 90' lang='lat' dir='ltr'><strong>si</strong></span> <span class='ocrx_word' id='word_1_39' title='bbox 391 769 451 836; x_wconf 88' lang='lat' dir='ltr'><strong>quis</strong></span> <span class='ocrx_word' id='word_1_40' title='bbox 463 774 555 822; x_wconf 81' lang='lat' dir='ltr'><strong>tamen</strong></span> <span class='ocrx_word' id='word_1_41' title='bbox 567 769 619 822; x_wconf 90' lang='lat' dir='ltr'><strong>hoc</strong></span> <span class='ocrx_word' id='word_1_42' title='bbox 632 784 750 837; x_wconf 86' lang='lat' dir='ltr'><strong>quoque,</strong></span> <span class='ocrx_word' id='word_1_43' title='bbox 764 769 848 838; x_wconf 85' lang='lat' dir='ltr'><strong>siquis</strong></span> 
     </span>
     <span class='ocr_line' id='line_1_8' title="bbox 47 862 740 934; baseline 0 -16"><span class='ocrx_word' id='word_1_44' title='bbox 47 867 152 934; x_wconf 81' lang='lat' dir='ltr'><strong>Captus</strong></span> <span class='ocrx_word' id='word_1_45' title='bbox 164 881 257 918; x_wconf 89' lang='lat' dir='ltr'><strong>amore</strong></span> <span class='ocrx_word' id='word_1_46' title='bbox 268 864 340 932; x_wconf 88' lang='lat' dir='ltr'><strong>legat</strong></span> <span class='ocrx_word' id='word_1_47' title='bbox 351 862 437 925; x_wconf 88' lang='lat' dir='ltr'><strong>littus,</strong></span> <span class='ocrx_word' id='word_1_48' title='bbox 451 869 488 926; x_wconf 88' lang='lat' dir='ltr'><strong>te,</strong></span> <span class='ocrx_word' id='word_1_49' title='bbox 505 863 604 932; x_wconf 78' lang='lat' dir='ltr'><strong>Phylli,</strong></span> <span class='ocrx_word' id='word_1_50' title='bbox 621 863 740 934; x_wconf 76' lang='lat' dir='ltr'><strong>Myrice,</strong></span> 
     </span>
     <span class='ocr_line' id='line_1_9' title="bbox 46 958 827 1029; baseline 0.001 -15"><span class='ocrx_word' id='word_1_51' title='bbox 46 962 90 1015; x_wconf 87' lang='lat' dir='ltr'><strong>Te</strong></span> <span class='ocrx_word' id='word_1_52' title='bbox 103 975 202 1014; x_wconf 86' lang='lat' dir='ltr'><strong>nemus</strong></span> <span class='ocrx_word' id='word_1_53' title='bbox 216 976 297 1012; x_wconf 90' lang='lat' dir='ltr'><strong>omne</strong></span> <span class='ocrx_word' id='word_1_54' title='bbox 310 959 398 1019; x_wconf 87' lang='lat' dir='ltr'><strong>canit;</strong></span> <span class='ocrx_word' id='word_1_55' title='bbox 418 958 564 1012; x_wconf 82' lang='lat' dir='ltr'>formosam</span> <span class='ocrx_word' id='word_1_56' title='bbox 576 960 686 1013; x_wconf 86' lang='lat' dir='ltr'><strong>arbusta</strong></span> <span class='ocrx_word' id='word_1_57' title='bbox 700 959 827 1029; x_wconf 85' lang='lat' dir='ltr'><strong>Lycorin,</strong></span> 
     </span>
     <span class='ocr_line' id='line_1_10' title="bbox 45 1055 731 1126; baseline 0 -15"><span class='ocrx_word' id='word_1_58' title='bbox 45 1058 206 1111; x_wconf 83' lang='lat' dir='ltr'><strong>Formosam</strong></span> <span class='ocrx_word' id='word_1_59' title='bbox 219 1057 307 1108; x_wconf 79' lang='lat' dir='ltr'><strong>doctae</strong></span> <span class='ocrx_word' id='word_1_60' title='bbox 320 1061 448 1108; x_wconf 88' lang='lat' dir='ltr'><strong>resonant</strong></span> <span class='ocrx_word' id='word_1_61' title='bbox 463 1055 629 1125; x_wconf 83' lang='lat' dir='ltr'><strong>Amaryllida</strong></span> <span class='ocrx_word' id='word_1_62' title='bbox 641 1057 731 1126; x_wconf 73' lang='lat' dir='ltr'><strong>sylva.</strong></span> 
     </span>
     <span class='ocr_line' id='line_1_11' title="bbox 44 1151 679 1222; baseline -0.005 -13"><span class='ocrx_word' id='word_1_63' title='bbox 44 1154 226 1222; x_wconf 83' lang='lat' dir='ltr'><strong>Respondent</strong></span> <span class='ocrx_word' id='word_1_64' title='bbox 237 1151 320 1221; x_wconf 87' lang='lat' dir='ltr'><strong>pulsae</strong></span> <span class='ocrx_word' id='word_1_65' title='bbox 332 1151 424 1214; x_wconf 85' lang='lat' dir='ltr'><strong>valles,</strong></span> <span class='ocrx_word' id='word_1_66' title='bbox 439 1152 574 1220; x_wconf 81' lang='lat' dir='ltr'><strong>iteratque</strong></span> <span class='ocrx_word' id='word_1_67' title='bbox 582 1153 679 1222; x_wconf 88' lang='lat' dir='ltr'><strong>jocosa</strong></span> 
     </span>
     <span class='ocr_line' id='line_1_12' title="bbox 45 1247 742 1316; baseline -0.001 -12"><span class='ocrx_word' id='word_1_68' title='bbox 45 1251 158 1304; x_wconf 86' lang='lat' dir='ltr'><strong>Nomen</strong></span> <span class='ocrx_word' id='word_1_69' title='bbox 170 1249 258 1316; x_wconf 84' lang='lat' dir='ltr'><strong>imago</strong></span> <span class='ocrx_word' id='word_1_70' title='bbox 269 1269 276 1307; x_wconf 73' lang='grc' dir='ltr'>ς</span> <span class='ocrx_word' id='word_1_71' title='bbox 296 1247 371 1301; x_wconf 89' lang='lat' dir='ltr'><strong>rudis</strong></span> <span class='ocrx_word' id='word_1_72' title='bbox 383 1253 475 1315; x_wconf 89' lang='lat' dir='ltr'><strong>stupet</strong></span> <span class='ocrx_word' id='word_1_73' title='bbox 486 1249 575 1316; x_wconf 84' lang='lat' dir='ltr'><strong>arguti</strong></span> <span class='ocrx_word' id='word_1_74' title='bbox 586 1248 675 1303; x_wconf 86' lang='lat' dir='ltr'><strong>incola</strong></span> <span class='ocrx_word' id='word_1_75' title='bbox 686 1249 742 1303; x_wconf 86' lang='lat' dir='ltr'><strong>luci</strong></span> 
     </span>
     <span class='ocr_line' id='line_1_13' title="bbox 45 1342 718 1413; baseline -0.001 -14"><span class='ocrx_word' id='word_1_76' title='bbox 45 1344 194 1413; x_wconf 86' lang='lat' dir='ltr'><strong>Accipiens</strong></span> <span class='ocrx_word' id='word_1_77' title='bbox 206 1343 300 1396; x_wconf 87' lang='lat' dir='ltr'><strong>dulces</strong></span> <span class='ocrx_word' id='word_1_78' title='bbox 312 1359 420 1396; x_wconf 89' lang='lat' dir='ltr'><strong>summo</strong></span> <span class='ocrx_word' id='word_1_79' title='bbox 433 1342 467 1396; x_wconf 94' lang='lat' dir='ltr'><strong>de</strong></span> <span class='ocrx_word' id='word_1_80' title='bbox 480 1350 574 1397; x_wconf 85' lang='lat' dir='ltr'><strong>monte</strong></span> <span class='ocrx_word' id='word_1_81' title='bbox 586 1345 718 1412; x_wconf 88' lang='lat' dir='ltr'><strong>querelas,</strong></span> 
     </span>
     <span class='ocr_line' id='line_1_14' title="bbox 44 1438 709 1502; baseline 0.002 -6"><span class='ocrx_word' id='word_1_82' title='bbox 44 1443 182 1502; x_wconf 79' lang='lat' dir='ltr'><strong>Incertus,</strong></span> <span class='ocrx_word' id='word_1_83' title='bbox 199 1439 354 1492; x_wconf 89' lang='lat' dir='ltr'><strong>Geniumne</strong></span> <span class='ocrx_word' id='word_1_84' title='bbox 365 1439 426 1502; x_wconf 91' lang='lat' dir='ltr'><strong>loci,</strong></span> <span class='ocrx_word' id='word_1_85' title='bbox 443 1438 588 1494; x_wconf 87' lang='lat' dir='ltr'><strong>Faunosne</strong></span> <span class='ocrx_word' id='word_1_86' title='bbox 600 1440 709 1497; x_wconf 84' lang='lat' dir='ltr'><strong>locutos</strong></span> 
     </span>
     <span class='ocr_line' id='line_1_15' title="bbox 44 1534 755 1607; baseline 0 -15"><span class='ocrx_word' id='word_1_87' title='bbox 44 1539 116 1592; x_wconf 85' lang='lat' dir='ltr'><strong>Esse</strong></span> <span class='ocrx_word' id='word_1_88' title='bbox 128 1542 224 1605; x_wconf 75' lang='lat' dir='ltr'><strong>putet:</strong></span> <span class='ocrx_word' id='word_1_89' title='bbox 243 1535 333 1588; x_wconf 79' lang='lat' dir='ltr'><strong>fausto</strong></span> <span class='ocrx_word' id='word_1_90' title='bbox 346 1551 411 1589; x_wconf 87' lang='lat' dir='ltr'><strong>mox</strong></span> <span class='ocrx_word' id='word_1_91' title='bbox 423 1534 532 1589; x_wconf 86' lang='lat' dir='ltr'><strong>nescius</strong></span> <span class='ocrx_word' id='word_1_92' title='bbox 544 1537 635 1590; x_wconf 90' lang='lat' dir='ltr'><strong>omine</strong></span> <span class='ocrx_word' id='word_1_93' title='bbox 646 1538 755 1607; x_wconf 85' lang='lat' dir='ltr'><strong>gaudet,</strong></span> 
     </span>
     <span class='ocr_line' id='line_1_16' title="bbox 43 1629 702 1702; baseline 0 -14"><span class='ocrx_word' id='word_1_94' title='bbox 43 1633 233 1702; x_wconf 86' lang='lat' dir='ltr'><strong>Indigitesque</strong></span> <span class='ocrx_word' id='word_1_95' title='bbox 246 1629 329 1693; x_wconf 89' lang='lat' dir='ltr'><strong>Deos,</strong></span> <span class='ocrx_word' id='word_1_96' title='bbox 345 1637 373 1684; x_wconf 91' lang='lat' dir='ltr'><strong>et</strong></span> <span class='ocrx_word' id='word_1_97' title='bbox 387 1631 507 1685; x_wconf 87' lang='lat' dir='ltr'><strong>Numina</strong></span> <span class='ocrx_word' id='word_1_98' title='bbox 520 1632 589 1686; x_wconf 87' lang='lat' dir='ltr'><strong>ruris</strong></span> <span class='ocrx_word' id='word_1_99' title='bbox 601 1633 702 1688; x_wconf 87' lang='lat' dir='ltr'><strong>adorat.</strong></span> 
     </span>
    </p>
   </div>
   <div class='ocr_carea' id='block_1_3' title="bbox 225 1783 845 1848">
    <p class='ocr_par' dir='ltr' id='par_1_3' title="bbox 225 1783 845 1848">
     <span class='ocr_line' id='line_1_17' title="bbox 225 1783 845 1848; baseline 0.008 -18"><span class='ocrx_word' id='word_1_100' title='bbox 225 1783 398 1846; x_wconf 71' lang='lat' dir='ltr'><strong>Cantabrigisa</strong></span> <span class='ocrx_word' id='word_1_101' title='bbox 410 1784 436 1831; x_wconf 91' lang='lat' dir='ltr'><strong>in</strong></span> <span class='ocrx_word' id='word_1_102' title='bbox 449 1783 564 1832; x_wconf 84' lang='lat' dir='ltr'><strong>eomitiis</strong></span> <span class='ocrx_word' id='word_1_103' title='bbox 575 1785 763 1848; x_wconf 82' lang='lat' dir='ltr'><strong>posterioribus,</strong></span> <span class='ocrx_word' id='word_1_104' title='bbox 776 1787 845 1838; x_wconf 80' lang='lat'>1721.</span> 
     </span>
    </p>
   </div>
   <div class='ocr_carea' id='block_1_4' title="bbox 232 2128 662 2184">
    <p class='ocr_par' dir='ltr' id='par_1_4' title="bbox 232 2128 662 2184">
     <span class='ocr_line' id='line_1_18' title="bbox 232 2128 662 2184; baseline -0.005 0"><span class='ocrx_word' id='word_1_105' title='bbox 232 2129 437 2184; x_wconf 84' lang='lat' dir='ltr'><strong>DEFENDIT</strong></span> <span class='ocrx_word' id='word_1_106' title='bbox 458 2128 662 2183; x_wconf 86' lang='lat' dir='ltr'><strong>NUMERUS.</strong></span> 
     </span>
    </p>
   </div>
   <div class='ocr_carea' id='block_1_5' title="bbox 39 2286 759 3024">
    <p class='ocr_par' dir='ltr' id='par_1_5' title="bbox 41 2286 707 2437">
     <span class='ocr_line' id='line_1_19' title="bbox 41 2286 707 2354; baseline -0.006 -12"><span class='ocrx_word' id='word_1_107' title='bbox 41 2290 195 2342; x_wconf 76' lang='lat' dir='ltr'><strong>Baanmoa</strong></span> <span class='ocrx_word' id='word_1_108' title='bbox 206 2287 326 2349; x_wconf 85' lang='lat' dir='ltr'><strong>indulsit,</strong></span> <span class='ocrx_word' id='word_1_109' title='bbox 340 2287 409 2350; x_wconf 83' lang='lat' dir='ltr'><strong>ielis,</strong></span> <span class='ocrx_word' id='word_1_110' title='bbox 424 2286 473 2340; x_wconf 89' lang='lat' dir='ltr'><strong>tibi</strong></span> <span class='ocrx_word' id='word_1_111' title='bbox 484 2303 579 2354; x_wconf 62' lang='lat' dir='ltr'><strong>parem</strong></span> <span class='ocrx_word' id='word_1_112' title='bbox 599 2302 707 2340; x_wconf 86' lang='lat' dir='ltr'><strong>novena</strong></span> 
     </span>
     <span class='ocr_line' id='line_1_20' title="bbox 78 2380 674 2437; baseline -0.007 0"><span class='ocrx_word' id='word_1_113' title='bbox 78 2383 153 2437; x_wconf 79' lang='lat' dir='ltr'><strong>Nam</strong></span> <span class='ocrx_word' id='word_1_114' title='bbox 165 2382 215 2435; x_wconf 88' lang='lat' dir='ltr'><strong>tibi</strong></span> <span class='ocrx_word' id='word_1_115' title='bbox 226 2390 274 2436; x_wconf 89' lang='lat' dir='ltr'><strong>net</strong></span> <span class='ocrx_word' id='word_1_116' title='bbox 289 2382 417 2435; x_wconf 75' lang='lat' dir='ltr'><strong>Lachesis</strong></span> <span class='ocrx_word' id='word_1_117' title='bbox 429 2381 474 2434; x_wconf 85' lang='lat' dir='ltr'><strong>iila</strong></span> <span class='ocrx_word' id='word_1_118' title='bbox 486 2397 593 2435; x_wconf 87' lang='lat' dir='ltr'><strong>novena</strong></span> <span class='ocrx_word' id='word_1_119' title='bbox 605 2380 674 2434; x_wconf 90' lang='lat' dir='ltr'><strong>colo.</strong></span> 
     </span>
    </p>

    <p class='ocr_par' dir='ltr' id='par_1_6' title="bbox 40 2475 687 2640">
     <span class='ocr_line' id='line_1_21' title="bbox 40 2475 687 2540; baseline -0.009 -7"><span class='ocrx_word' id='word_1_120' title='bbox 40 2479 127 2540; x_wconf 90' lang='lat' dir='ltr'><strong>Hinc,</strong></span> <span class='ocrx_word' id='word_1_121' title='bbox 142 2478 166 2530; x_wconf 90' lang='lat' dir='ltr'><strong>si</strong></span> <span class='ocrx_word' id='word_1_122' title='bbox 178 2477 259 2530; x_wconf 86' lang='lat' dir='ltr'><strong>missa</strong></span> <span class='ocrx_word' id='word_1_123' title='bbox 271 2478 345 2530; x_wconf 85' lang='lat' dir='ltr'><strong>voles</strong></span> <span class='ocrx_word' id='word_1_124' title='bbox 358 2477 423 2530; x_wconf 90' lang='lat' dir='ltr'><strong>celsi</strong></span> <span class='ocrx_word' id='word_1_125' title='bbox 436 2477 470 2530; x_wconf 92' lang='lat' dir='ltr'><strong>de</strong></span> <span class='ocrx_word' id='word_1_126' title='bbox 482 2477 601 2529; x_wconf 87' lang='lat' dir='ltr'><strong>culmine</strong></span> <span class='ocrx_word' id='word_1_127' title='bbox 613 2475 687 2537; x_wconf 87' lang='lat' dir='ltr'><strong>tecti,</strong></span> 
     </span>
     <span class='ocr_line' id='line_1_22' title="bbox 76 2571 599 2640; baseline -0.004 -15"><span class='ocrx_word' id='word_1_128' title='bbox 76 2572 191 2626; x_wconf 87' lang='lat' dir='ltr'><strong>Decidis</strong></span> <span class='ocrx_word' id='word_1_129' title='bbox 203 2573 231 2624; x_wconf 94' lang='lat' dir='ltr'><strong>in</strong></span> <span class='ocrx_word' id='word_1_130' title='bbox 244 2578 319 2625; x_wconf 90' lang='lat' dir='ltr'><strong>tutos</strong></span> <span class='ocrx_word' id='word_1_131' title='bbox 331 2571 494 2640; x_wconf 77' lang='lat' dir='ltr'><strong>precipitata</strong></span> <span class='ocrx_word' id='word_1_132' title='bbox 506 2572 599 2638; x_wconf 87' lang='lat' dir='ltr'><strong>pedes.</strong></span> 
     </span>
    </p>

    <p class='ocr_par' dir='ltr' id='par_1_7' title="bbox 40 2667 759 2826">
     <span class='ocr_line' id='line_1_23' title="bbox 40 2667 759 2734; baseline -0.006 -12"><span class='ocrx_word' id='word_1_133' title='bbox 40 2669 112 2730; x_wconf 90' lang='lat' dir='ltr'><strong>Nec,</strong></span> <span class='ocrx_word' id='word_1_134' title='bbox 128 2668 254 2720; x_wconf 88' lang='lat' dir='ltr'><strong>miseram</strong></span> <span class='ocrx_word' id='word_1_135' title='bbox 266 2668 331 2722; x_wconf 86' lang='lat' dir='ltr'><strong>licet</strong></span> <span class='ocrx_word' id='word_1_136' title='bbox 343 2668 473 2722; x_wconf 81' lang='lat' dir='ltr'><strong>infestent</strong></span> <span class='ocrx_word' id='word_1_137' title='bbox 484 2667 602 2734; x_wconf 86' lang='lat' dir='ltr'><strong>lsniique</strong></span> <span class='ocrx_word' id='word_1_138' title='bbox 615 2680 759 2733; x_wconf 85' lang='lat' dir='ltr'><strong>canesque,</strong></span> 
     </span>
     <span class='ocr_line' id='line_1_24' title="bbox 77 2762 683 2826; baseline -0.005 -10"><span class='ocrx_word' id='word_1_139' title='bbox 77 2763 123 2816; x_wconf 86' lang='lat' dir='ltr'><strong>Te</strong></span> <span class='ocrx_word' id='word_1_140' title='bbox 134 2762 201 2816; x_wconf 87' lang='lat' dir='ltr'><strong>lanii</strong></span> <span class='ocrx_word' id='word_1_141' title='bbox 213 2763 376 2826; x_wconf 80' lang='lat' dir='ltr'><strong>exanimant,</strong></span> <span class='ocrx_word' id='word_1_142' title='bbox 392 2765 581 2817; x_wconf 78' lang='lat' dir='ltr'><strong>exanimantve</strong></span> <span class='ocrx_word' id='word_1_143' title='bbox 594 2777 683 2814; x_wconf 84' lang='lat' dir='ltr'><strong>canes.</strong></span> 
     </span>
    </p>

    <p class='ocr_par' dir='ltr' id='par_1_8' title="bbox 39 2857 696 3024">
     <span class='ocr_line' id='line_1_25' title="bbox 39 2857 696 2925; baseline -0.006 -13"><span class='ocrx_word' id='word_1_144' title='bbox 39 2858 71 2912; x_wconf 91' lang='lat' dir='ltr'><strong>Si</strong></span> <span class='ocrx_word' id='word_1_145' title='bbox 83 2857 203 2910; x_wconf 83' lang='lat' dir='ltr'><strong>moriare</strong></span> <span class='ocrx_word' id='word_1_146' title='bbox 215 2859 308 2918; x_wconf 86' lang='lat' dir='ltr'><strong>semel,</strong></span> <span class='ocrx_word' id='word_1_147' title='bbox 324 2859 347 2912; x_wconf 90' lang='lat' dir='ltr'><strong>si</strong></span> <span class='ocrx_word' id='word_1_148' title='bbox 359 2858 408 2921; x_wconf 92' lang='lat' dir='ltr'><strong>bis,</strong></span> <span class='ocrx_word' id='word_1_149' title='bbox 423 2858 446 2911; x_wconf 89' lang='lat' dir='ltr'><strong>si</strong></span> <span class='ocrx_word' id='word_1_150' title='bbox 458 2864 542 2919; x_wconf 86' lang='lat' dir='ltr'><strong>terve,</strong></span> <span class='ocrx_word' id='word_1_151' title='bbox 558 2863 696 2925; x_wconf 85' lang='lat' dir='ltr'><strong>quaterve,</strong></span> 
     </span>
     <span class='ocr_line' id='line_1_26' title="bbox 77 2951 665 3024; baseline -0.007 -18"><span class='ocrx_word' id='word_1_152' title='bbox 77 2953 230 3021; x_wconf 85' lang='lat' dir='ltr'><strong>Plusquam</strong></span> <span class='ocrx_word' id='word_1_153' title='bbox 244 2953 353 3007; x_wconf 90' lang='lat' dir='ltr'><strong>dimidia</strong></span> <span class='ocrx_word' id='word_1_154' title='bbox 364 2960 441 3024; x_wconf 86' lang='lat' dir='ltr'><strong>parte</strong></span> <span class='ocrx_word' id='word_1_155' title='bbox 452 2958 591 3021; x_wconf 87' lang='lat' dir='ltr'><strong>superstes</strong></span> <span class='ocrx_word' id='word_1_156' title='bbox 604 2951 665 3005; x_wconf 78' lang='lat' dir='ltr'><strong>eris.</strong></span> 
     </span>
    </p>
   </div>
   <div class='ocr_carea' id='block_1_6' title="bbox 0 0 1006 3400">
    <p class='ocr_par' dir='ltr' id='par_1_9' title="bbox 0 0 1006 3400">
     <span class='ocr_line' id='line_1_27' title="bbox 0 0 1006 3400; baseline 0 4"><span class='ocrx_word' id='word_1_157' title='bbox 0 0 1006 3400; x_wconf 95' lang='lat' dir='ltr'><strong> </strong></span> 
     </span>
    </p>
   </div>
  </div>
 </body>
</html>
