1986 3398
168 155 217 204 154
497 165 632 202 novenos.

168 309 218 362 His
230 309 374 377 gethering
386 307 510 376 strength
523 325 539 361 o
551 309 649 378 dreary
662 309 723 361 ruin
736 312 852 378 spreeds,

168 406 231 459 And
244 407 376 459 stubborn
389 405 454 458 oaks
467 405 540 458 bend
551 405 603 457 low
616 405 687 458 their
698 405 784 476 hoory
796 409 891 460 heads:

167 502 218 554 His
231 502 374 556 boist'rous
387 501 470 554 blosts
482 501 530 554 the
541 502 692 554 beauteous
704 519 789 570 grove
801 503 906 564 desorm‚

167 599 231 652 And
244 599 302 652 dire
314 598 483 652 destruction
496 597 572 650 weits
584 612 659 665 upon
671 597 720 651 the
732 605 825 652 storm.

462 1358 666 1414 NOVARCA.

164 1547 248 1601 Psote
260 1564 353 1602 amans
368 1548 482 1602 Carolus
495 1549 585 1618 regaie
598 1549 710 1602 excudit
721 1549 750 1601 in
762 1565 831 1602 auro

195 1643 306 1704 Votum,
321 1660 402 1713 quom
412 1644 506 1712 populi
518 1645 553 1698 sit
565 1645 617 1698 sibi
629 1661 691 1699 cara
703 1644 785 1698 selus.

164 1740 264 1794 Omnis
274 1739 403 1793 concordi
415 1741 532 1808 spondet
543 1740 632 1794 felicis
644 1757 738 1808 regno,

201 1835 290 1888 Unitae
302 1842 333 1888 ut
346 1842 478 1898 crescant,
493 1842 521 1890 et
533 1836 708 1905 geminentur
721 1853 796 1904 opes.

162 1929 289 1985 Frustra!
310 1931 418 1985 inimica
428 1932 479 2000 piis
491 1932 581 1985 obstat
593 1932 726 1985 discordia
738 1933 817 1994 votis,

198 2027 302 2080 Irarum
314 2034 341 2080 et
353 2028 447 2080 multae
460 2027 543 2080 clodis
556 2026 648 2094 inique
659 2043 765 2095 parens.

164 2123 298 2185 Informis,
314 2139 424 2192 pauper.
439 2125 601 2192 lemeliaqne
613 2124 724 2186 ahenea.
740 2141 839 2187 rernm,

199 2220 312 2282 Indicst,
327 2228 359 2274 ut
370 2221 453 2273 socies
464 2227 559 2273 moesta
571 2221 614 2282 sit,
630 2227 660 2273 nt
673 2221 708 2274 sit
721 2220 811 2288 inops.

162 2315 216 2370 Pro
229 2315 319 2369 Caroli
331 2317 424 2378 titulis,
440 2333 488 2384 pro
500 2317 579 2370 vultu
593 2323 620 2370 et
632 2317 749 2385 imagine
761 2335 845 2379 sacre.

198 2411 286 2465 Unica
297 2419 351 2465 stet
363 2411 463 2465 moestis
476 2413 550 2466 nude
564 2413 688 2466 Novarce
701 2412 781 2466 notis.

162 2509 253 2563 Fatale
266 2507 436 2582 exemplum!
460 2509 551 2563 Caroli
563 2511 637 2578 quod
651 2516 715 2562 vota
727 2510 834 2571 docere.

199 2606 297 2675 Anglie
306 2607 379 2675 quod
392 2607 497 2674 nequiit
508 2606 590 2669 solva,
608 2606 740 2667 Novarca,
756 2607 847 2660 doces.
