1968 3396
492 528 600 584 APES.

146 704 226 757 Garis
237 702 310 772 frugi
322 709 350 756 et
361 703 490 771 prudens,
506 718 620 770 operosa
632 710 660 756 et
668 703 788 772 provida,
804 704 895 758 vitam

183 800 273 861 Quam
285 799 389 869 placide
398 805 541 868 peragunt,
556 815 638 868 quam
651 800 787 868 sapienter
802 801 903 870 Apes!

146 893 227 949 Urbis
239 895 339 949 habent
351 895 423 948 inter
435 911 496 948 sese
509 896 657 957 consortia;
679 896 779 964 cuique
814 969 819 976 ῃ

181 991 240 1045 Stat
252 1007 301 1045 sua
313 1006 374 1060 pars
386 1006 509 1059 operum,
523 992 618 1046 munia
629 992 728 1060 cuique
744 1009 803 1046 sua

145 1086 220 1140 Nota
237 1089 334 1140 domus
346 1103 396 1140 sua
408 1087 516 1155 cuique,
532 1086 660 1159 etIparvoe
671 1087 764 1141 limina
776 1088 874 1151 cellam
979 1156 980 1170 χ

179 1181 217 1234 Et
229 1198 279 1235 sua
291 1182 325 1236 de
343 1182 433 1235 medio
445 1182 535 1251 portio
548 1182 648 1251 cuique
656 1183 709 1237 cibi
721 1191 772 1237 est.
979 1171 980 1174 ¹

144 1276 198 1330 Hic
211 1284 270 1330 esto
285 1278 411 1346 populus,
427 1295 471 1332 res
483 1285 544 1333 esto
556 1279 613 1333 hac
625 1279 739 1348 publica,
755 1279 847 1334 discat

180 1371 261 1426 Unde
273 1390 338 1428 suos
350 1373 423 1428 cives
435 1376 585 1430 instituisse
599 1376 686 1430 Plato.

314 1968 487 2023 INGENIA
508 1969 551 2022 IN
573 1967 771 2024 OGCULTO.

141 2113 310 2168 Drscrrouos
323 2115 502 2177 varia-secta,
517 2114 650 2184 variaeque
662 2114 809 2170 studentes

178 2213 261 2275 Artis,
276 2229 401 2266 museum
417 2211 619 2267 Bethlemiense
632 2213 712 2280 capit.

142 2310 262 2363 Alterius
275 2309 371 2364 studiis
384 2309 454 2363 obsit
467 2327 502 2363 ne
513 2309 626 2363 forsitan
639 2309 715 2372 alter.

177 2407 309 2461 Obflrmat
322 2407 416 2460 cellam
426 2407 534 2475 portula
542 2407 646 2475 ¹cuique
663 2423 750 2461 suam.

142 2502 237 2564 Qualis
251 2502 377 2572 Epicteto
390 2501 487 2565 lectus,
502 2501 643 2570 qualisque
656 2501 792 2563 cathedra,

176 2598 250 2652 Talis
262 2598 294 2651 iis
306 2597 402 2660 lectus,
417 2597 471 2650 tale
483 2597 568 2650 sedile
580 2597 667 2650 datur.

140 2693 167 2746 N
169 2710 204 2746 eu
218 2692 335 2747 Phoebus
348 2692 428 2746 radiis
440 2692 523 2745 animi
532 2692 695 2761 perstringat
708 2689 820 2753 ocellos,

174 2788 305 2843 Excludit
316 2789 430 2843 nimium
442 2804 524 2857 parva
535 2787 654 2842 fenestra
662 2786 743 2840 diem.

138 2884 272 2938 Dulcibus
283 2884 328 2938 hic
340 2891 416 2939 totus
427 2884 513 2938 musis
525 2883 673 2944 incumbit;
695 2889 723 2935 et
734 2881 832 2949 implet

176 2980 316 3047 Angustos
328 2980 462 3050 rhythmis
475 2979 692 3047 carminibusque
703 2978 790 3031 lares:
