1986 3398
242 172 376 211 naciones
395 174 460 210 nour
479 175 513 210 ar
532 175 610 222 uam,
625 175 685 212 arc.
718 170 722 182 '
809 166 858 214 193

81 319 152 373 Neo
166 334 321 387 quenquam
335 334 399 386 ergo
411 318 479 371 adeo
492 319 604 372 rationis
618 336 698 388 egere
711 327 842 388 putarem,

43 415 118 478 Qui,
134 415 167 478 si,
184 416 257 483 quod
269 414 342 483 turpi
355 414 450 484 satagit
463 416 624 483 conquirere
636 417 740 479 fraude,

40 511 167 564 Lucrari
180 510 246 564 illud
258 511 330 563 idem
343 518 435 578 posset
446 511 506 564 sine
517 510 621 573 fraude,
636 521 765 582 negaret;

40 606 81 660 Et
97 607 160 660 voti
173 605 256 659 nollet
269 605 334 668 fieri,
350 606 401 658 nisi
414 606 534 669 crimine,
550 623 669 674 compos.
807 667 809 676 χ

77 703 97 756 J
98 719 156 766 am,
172 703 222 757 sibi
234 704 281 772 qui
293 703 409 772 ignoscit
421 703 534 772 propriis
547 704 618 758 vitiis
631 705 695 758 satis
707 722 808 774 aequus,

40 800 202 856 Censorem
214 799 363 854 mendosus
375 800 431 869 agit
441 823 448 862 ;
469 801 578 855 desevit
590 808 618 855 et
630 802 696 870 ipse,

40 896 176 950 Censura
188 895 300 964 dignum
313 895 336 950 si
348 896 495 965 quidquam
507 898 646 951 admiserit
657 899 733 952 alter.

78 991 217 1045 Rusticus
228 991 292 1044 olim
304 991 369 1044 adiit
382 992 538 1045 consultum
547 993 625 1062 juris,
641 1001 672 1046 ut
684 995 769 1056 aiunt,

38 1088 264 1142 Percontaturus
276 1086 342 1156 quid
354 1088 399 1140 lex
410 1088 523 1143 sentiret
536 1089 563 1141 in
577 1088 626 1142 hac
640 1106 669 1143 re
681 1112 687 1142 ι

38 1191 58 1215 “
70 1185 132 1238 Bos
144 1183 253 1244 vicini,”
264 1183 360 1252 inquit,
378 1189 497 1252 “sepem
507 1185 637 1254 perrupit,
651 1186 730 1254 agelli

37 1279 176 1333 Tutelam
188 1280 282 1340 nostri,
298 1285 325 1333 et
338 1278 450 1332 viridem
462 1280 533 1347 pede
544 1280 641 1347 pressit
652 1280 823 1344 aristam‚'’-

38 1385 58 1406 “
71 1375 180 1430 Pressit
192 1375 309 1437 aristam,
324 1374 381 1430 ais?
401 1384 428 1428 et
440 1393 532 1444 sepem
545 1378 685 1446 perrupit?
703 1378 776 1432 abito

38 1474 184 1533 Securua;
205 1488 287 1525 causa
300 1471 407 1525 vinces:
427 1471 465 1525 mi
477 1474 558 1527 crede
570 1481 703 1528 resartum

37 1570 104 1624 Hoc
118 1569 168 1622 tibi
180 1568 327 1637 prqraudi
338 1576 434 1637 praesto
448 1585 510 1622 cum
522 1569 624 1624 soenore
636 1571 792 1625 damnum.”

35 1664 367 1726 Rusticushic,-“sotis
376 1672 430 1718 est:
450 1666 499 1718 bos
508 1682 569 1718 nam
578 1667 798 1731 tuus''-“imo,”
807 1669 845 1722 ait

35 1769 55 1793 ‘⁸
65 1763 97 1817 Si
106 1779 195 1824 meus,
206 1768 247 1815 est
255 1762 337 1830 louge
347 1779 390 1815 res
398 1761 455 1831 jam
469 1763 574 1816 diversa
584 1763 733 1831 prosecto.''
753 1765 841 1831 [alter,

73 1860 168 1922 Quam
181 1859 293 1911 ridenda
305 1865 368 1912 tuos
380 1859 451 1912 bene
463 1859 549 1928 pingit
560 1859 651 1913 sabula
662 1877 752 1916 mores
762 1861 769 1915 i

35 1957 103 2020 Qui,
120 1955 144 2009 si
157 1955 191 2009 de
203 1955 317 2023 propriis
329 1955 426 2022 perdas
438 1956 503 2024 quid
516 1956 578 2009 vive
591 1956 697 2018 dolove,

31 2053 169 2108 Protinus
181 2051 323 2113 exclamas,
339 2057 366 2104 et
375 2051 459 2120 juras,
475 2057 506 2105 ut
519 2059 584 2106 tuus
598 2060 639 2107 est
652 2070 719 2115 mos,

32 2152 81 2206 Nii
94 2149 189 2218 superi
201 2156 298 2202 curant
310 2147 451 2202 mortalia?
471 2147 584 2202 fulmina
596 2157 703 2203 cessant

31 2247 91 2302 Cur
104 2252 161 2300 tam
174 2243 323 2307 formidata,
339 2251 366 2298 et
379 2245 479 2298 vindex
490 2245 598 2298 flamma
613 2246 767 2300 Tonantis?

28 2343 92 2396 Jam
106 2342 194 2395 virtus
206 2357 262 2394 non
275 2341 370 2394 umbra
382 2340 430 2394 tibi
443 2347 492 2402 est,
503 2340 560 2409 jam
573 2340 667 2409 fasque
679 2341 811 2410 nefasque

31 2440 105 2492 Sunt
119 2436 219 2505 aliquid
230 2458 237 2497 ;
258 2436 356 2490 celesti
368 2436 491 2504 agnoscis
504 2436 608 2504 origine
621 2443 692 2489 nata.

31 2537 70 2589 At
83 2533 185 2588 violata
196 2533 263 2587 fides
276 2533 299 2586 si
312 2540 340 2586 te
353 2532 478 2586 ditaverit
489 2549 564 2595 auro,

30 2632 106 2686 Tum
119 2627 303 2698 superirmque
315 2628 401 2682 minas
414 2635 442 2683 et
454 2629 533 2683 bruta
545 2629 666 2682 tonitrua
678 2630 791 2696 spernis,

30 2727 88 2782 Sub
101 2725 271 2795 pedibusque
279 2725 372 2794 jacent
384 2725 466 2794 leges,
482 2731 510 2778 et
522 2725 630 2778 vincula
641 2742 724 2779 sacra.

64 2822 273 2893 Nequiequam3
294 2838 410 2890 namque
422 2821 495 2875 haud
508 2822 594 2876 virtus
606 2823 742 2877 mutabilis
754 2839 825 2877 aurae

32 2919 151 2974 Arbitrio
163 2918 309 2988 popularis,
323 2917 428 2971 honore
441 2918 579 2970 orbabitur
592 2933 686 2985 aequo;

32 3019 105 3071 Ante
118 3016 220 3070 etenim
233 3030 328 3069 versus
341 3014 420 3067 cedet
433 3014 507 3066 color
519 3019 576 3065 ater
589 3011 616 3065 in
629 3011 729 3074 album,

709 3122 722 3156 s
