1986 3398
184 691 222 738 IN
244 689 468 738 POSTHUMAM
487 691 662 739 EFFIGIEM

117 854 353 910 JOHANNIS
378 857 575 921 FERMOR,
608 857 713 911 ARM.

42 1029 76 1064 AD
97 1028 250 1064 merere
269 1030 337 1066 nott.
359 1031 475 1068 reprimet
495 1032 615 1077 mimir,
637 1031 804 1074 reponeret,

191 1123 289 1160 SUHA
308 1125 366 1162 CUM
386 1126 448 1162 FIDE
468 1126 662 1162 nutriemur.

20 1279 170 1334 Drrurrcm
184 1281 299 1350 effigiem
310 1282 400 1338 fratris
413 1285 540 1337 mandare
552 1283 656 1337 tabellae

56 1375 160 1438 Frater,
177 1377 245 1429 etin
259 1378 342 1430 vitem
353 1378 412 1431 vult
425 1389 555 1432 revocare
565 1393 673 1430 novam.

20 1469 73 1522 Sed
87 1487 211 1540 quaenam
224 1472 350 1524 absentes
362 1472 455 1526 vultus
468 1471 602 1524 describet
614 1470 741 1524 arundo?

56 1569 128 1629 Quis
142 1567 241 1621 reseret
254 1567 342 1620 succis
355 1584 403 1620 ora
412 1568 518 1635 sepulta
529 1566 624 1620 labor?

21 1664 86 1718 Haec
99 1681 155 1726 ora,
171 1664 222 1717 hos
235 1663 327 1717 vuitus
339 1664 453 1718 memori
466 1665 517 1717 sub
530 1670 640 1731 pectore
651 1663 742 1724 frater,

54 1761 165 1824 (Sume,
181 1759 280 1827 opifex,
297 1759 442 1828 calamum)
456 1776 526 1828 quos
538 1758 587 1812 tibi
599 1758 691 1820 dictet,
707 1757 796 1811 habet.

19 1855 144 1908 Dictanti
154 1862 276 1908 attentus
284 1856 379 1921 pictor.
393 1855 555 1923 peramabile
567 1853 695 1907 transfert

55 1951 201 2010 Paulatim,
217 1967 251 2004 ex
263 1951 353 2003 animo
366 1950 552 2019 praecipientis,
568 1966 646 2018 opus.

18 2046 78 2099 Jam
92 2047 204 2115 propior
213 2045 294 2098 simili
306 2047 469 2114 propiorque
481 2045 603 2098 alludere
614 2044 702 2097 forma

55 2143 165 2211 Incipit,
181 2150 208 2195 et
217 2143 307 2212 jussas
321 2143 449 2210 exprimit
461 2144 557 2196 umbra
569 2148 664 2201 notasr

18 2240 78 2293 Jam
92 2239 153 2293 noti
165 2239 285 2292 arrident
297 2239 400 2299 vuitus,
416 2246 443 2291 et
455 2238 553 2291 frontis
565 2245 663 2305 apertae

55 2337 181 2390 Candida
192 2335 355 2403 simplicitas,
371 2341 399 2387 et
410 2351 544 2403 generosa
555 2334 638 2387 fides:

17 2433 79 2486 Jam
93 2447 196 2492 coram,
211 2437 239 2482 et
251 2446 377 2497 praesens‚
393 2429 526 2497 ipsissima
538 2428 604 2481 vivit
617 2428 721 2498 imag03

54 2525 121 2581 ΟΜ
144 2532 277 2594 quantum
289 2523 375 2591 pietas
387 2523 529 2591 ingeniosa
540 2521 646 2591 potesti

19 2621 87 2676 Noli
99 2621 173 2674 ultra
185 2636 278 2680 saems,
294 2634 368 2670 mors
381 2634 406 2679 0,
418 2618 521 2686 jactare
534 2616 704 2684 triumphem

55 2718 164 2770 Caetera
176 2716 223 2784 qui
235 2715 327 2775 vincit,
343 2720 371 2766 te
386 2728 498 2781 quoque
509 2713 591 2766 vincit
608 2713 700 2763 Amor.
