2036 3400
357 219 473 256 titurius
488 213 595 254 PRIMUS.

458 375 493 410 vr.

131 453 202 507 Cum
214 469 262 522 per
271 454 392 523 juvente
404 453 519 506 lubricas
532 453 711 513 decurrerem,

130 549 294 620 Incogitens
309 551 446 621 animique
459 567 584 619 preceps,
599 551 715 609 semitas,

130 646 193 701 Tus
203 647 273 700 almo
284 648 423 716 sospitavit
436 647 543 701 occulte
555 663 659 708 manus,

128 742 284 813 AEvumque
297 760 341 798 me
355 743 478 812 provexit
490 743 524 796 ad
537 742 677 795 maturius

453 855 500 891 vn.

128 934 182 988 Per
194 935 280 989 multa
292 935 386 989 mortis
398 935 493 989 abditae
505 933 658 988 discrimine

129 1032 232 1100 Aperte
244 1031 321 1086 eunti
333 1039 360 1086 et
373 1039 433 1085 tute
444 1037 568 1100 porrecta
580 1037 621 1084 est
633 1031 682 1091 vis,

127 1125 247 1196 Vitiique
258 1126 442 1181 blandimenta
453 1142 501 1195 per
512 1125 622 1187 fallacia,

127 1222 283 1278 Periculum
295 1239 352 1292 prae
365 1223 467 1277 ceteris
479 1222 601 1277 serentis.

378 1375 380 1378 ,
445 1337 504 1373 vnr.

127 1415 198 1470 Cum
210 1416 298 1470 morbi
309 1416 431 1471 acutiore
444 1417 470 1469 vi
485 1417 659 1476 tabescerem,

127 1510 174 1565 Me
185 1512 300 1565 sanitate
310 1513 439 1566 recreasti
451 1513 554 1580 saepius,

124 1606 162 1660 Et
175 1623 238 1661 cum
250 1625 375 1677 gravarer
388 1609 498 1662 crimine
511 1616 539 1661 et
554 1608 699 1669 doloribus,

126 1703 189 1757 'l'ue
200 1705 337 1759 revocavit
348 1705 376 1760 in
389 1706 503 1760 sulutem
516 1705 608 1774 gratis.

450 1818 490 1854 rx.

99 1877 106 1882 '
126 1896 202 1959 ruae,
216 1895 330 1960 renova,
344 1897 565 1966 urgrurrueuee

126 1992 210 2055 Quod
221 2000 263 2048 sat
274 2011 411 2063 superque
422 2011 466 2048 me
479 1991 563 2047 beitrit
576 1994 659 2062 copia,

124 2087 249 2158 Eamque
260 2089 363 2144 amicus
375 2090 479 2158 copiam
491 2089 628 2144 consortio

123 2183 207 2238 Dulci
220 2186 295 2254 quod
307 2202 378 2240 unus
391 2196 419 2240 et
431 2187 503 2255 quod
513 2187 581 2241 alter
593 2187 708 2241 auxerit.

457 2300 485 2336 x.

124 2379 248 2434 Pretiosa
260 2379 333 2435 mille
346 2381 417 2434 dona
428 2380 462 2434 de
474 2380 518 2434 die
530 2381 558 2433 in
571 2380 652 2441 diem,

123 2475 161 2530 Et
173 2477 247 2530 mille
259 2477 355 2531 millies
367 2485 512 2546 reposcunt
524 2478 630 2546 gratias,

122 2572 160 2626 Et
172 2573 243 2627 inter
256 2572 300 2626 ills
311 2574 383 2627 donc
395 2588 442 2627 cor
454 2573 575 2636 loetebile,

122 2668 222 2724 oblau
233 2667 307 2738 quod
319 2666 364 2736 pio
376 2667 471 2736 accipit
484 2685 546 2721 cum
558 2668 665 2738 gaudio.

447 2783 486 2819 xr.

122 2863 192 2916 vite
204 2879 252 2933 per
265 2880 347 2917 omne
358 2863 482 2926 stadium,
497 2863 607 2917 adultus
620 2869 647 2916 et
660 2879 752 2925 senex,

122 2959 321 3028 Benignitatem
334 2959 505 3026 praedicendo
517 2975 661 3027 prosequar
672 2981 678 3018 ;

124 3055 337 3124 Amabilemque,
353 3054 405 3108 hoc
418 3072 515 3124 corpus
529 3062 635 3115 exutus,
651 3055 739 3108 thesin

121 3143 322 3213 Redintegrsbo
335 3143 493 3197 saeculorum
507 3143 533 3195 in
548 3143 650 3196 saeculo.
