<?xml version="1.0" encoding="UTF-8"?>
<!DOCTYPE html PUBLIC "-//W3C//DTD XHTML 1.0 Transitional//EN"
    "http://www.w3.org/TR/xhtml1/DTD/xhtml1-transitional.dtd">
<html xmlns="http://www.w3.org/1999/xhtml" xml:lang="en" lang="en">
 <head>
  <title>
</title>
<meta http-equiv="Content-Type" content="text/html;charset=utf-8" />
  <meta name='ocr-system' content='tesseract 3.04.00' />
  <meta name='ocr-capabilities' content='ocr_page ocr_carea ocr_par ocr_line ocrx_word'/>
</head>
<body>
  <div class='ocr_page' id='page_1' title='image "./poeticalworksla01bourgoog_0115.png"; bbox 0 0 1994 3398; ppageno 0'>
   <div class='ocr_carea' id='block_1_1' title="bbox 348 133 632 172">
    <p class='ocr_par' dir='ltr' id='par_1_1' title="bbox 348 133 632 172">
     <span class='ocr_line' id='line_1_1' title="bbox 348 133 632 172; baseline -0.007 -4"><span class='ocrx_word' id='word_1_1' title='bbox 348 133 425 168; x_wconf 73' lang='grc' dir='ltr'><strong>ΑΜΟΕ</strong></span> <span class='ocrx_word' id='word_1_2' title='bbox 442 133 567 170; x_wconf 66' lang='lat' dir='ltr'>milium.</span> <span class='ocrx_word' id='word_1_3' title='bbox 609 155 613 172; x_wconf 59' lang='grc' dir='ltr'>ι,</span> <span class='ocrx_word' id='word_1_4' title='bbox 625 155 632 166; x_wconf 81' lang='grc'><strong>.</strong></span> 
     </span>
    </p>
   </div>
   <div class='ocr_carea' id='block_1_2' title="bbox 37 265 748 631">
    <p class='ocr_par' dir='ltr' id='par_1_2' title="bbox 37 265 748 427">
     <span class='ocr_line' id='line_1_2' title="bbox 37 265 748 336; baseline 0.003 -15"><span class='ocrx_word' id='word_1_5' title='bbox 37 267 181 336; x_wconf 82' lang='lat' dir='ltr'>Sopitum</span> <span class='ocrx_word' id='word_1_6' title='bbox 194 265 295 320; x_wconf 76' lang='lat' dir='ltr'>ledunt</span> <span class='ocrx_word' id='word_1_7' title='bbox 307 267 398 320; x_wconf 86' lang='lat' dir='ltr'>divum</span> <span class='ocrx_word' id='word_1_8' title='bbox 412 284 483 320; x_wconf 86' lang='lat' dir='ltr'>nova</span> <span class='ocrx_word' id='word_1_9' title='bbox 495 268 618 329; x_wconf 80' lang='lat' dir='ltr'>vinouln;</span> <span class='ocrx_word' id='word_1_10' title='bbox 644 287 748 333; x_wconf 83' lang='lat' dir='ltr'>somne,</span> 
     </span>
     <span class='ocr_line' id='line_1_3' title="bbox 82 364 655 427; baseline 0.005 -10"><span class='ocrx_word' id='word_1_11' title='bbox 82 365 154 418; x_wconf 91' lang='lat' dir='ltr'>Non</span> <span class='ocrx_word' id='word_1_12' title='bbox 168 365 208 418; x_wconf 84' lang='lat' dir='ltr'>its</span> <span class='ocrx_word' id='word_1_13' title='bbox 219 380 282 417; x_wconf 88' lang='lat' dir='ltr'>oum</span> <span class='ocrx_word' id='word_1_14' title='bbox 296 364 397 417; x_wconf 87' lang='lat' dir='ltr'>vinc&#39;lis</span> <span class='ocrx_word' id='word_1_15' title='bbox 409 365 572 419; x_wconf 77' lang='lat' dir='ltr'>excutienda</span> <span class='ocrx_word' id='word_1_16' title='bbox 584 367 655 427; x_wconf 77' lang='lat' dir='ltr'>tuis3</span> 
     </span>
    </p>

    <p class='ocr_par' dir='ltr' id='par_1_3' title="bbox 41 461 735 631">
     <span class='ocr_line' id='line_1_4' title="bbox 41 461 631 530; baseline 0.003 -16"><span class='ocrx_word' id='word_1_17' title='bbox 41 461 106 515; x_wconf 88' lang='lat' dir='ltr'>Ter</span> <span class='ocrx_word' id='word_1_18' title='bbox 119 461 200 514; x_wconf 88' lang='lat' dir='ltr'>filum</span> <span class='ocrx_word' id='word_1_19' title='bbox 213 477 283 514; x_wconf 81' lang='lat' dir='ltr'>vano</span> <span class='ocrx_word' id='word_1_20' title='bbox 296 467 383 515; x_wconf 81' lang='lat' dir='ltr'>tentat</span> <span class='ocrx_word' id='word_1_21' title='bbox 395 461 549 530; x_wconf 85' lang='lat' dir='ltr'>diffringere</span> <span class='ocrx_word' id='word_1_22' title='bbox 561 463 631 526; x_wconf 89' lang='lat' dir='ltr'>nisu,</span> 
     </span>
     <span class='ocr_line' id='line_1_5' title="bbox 83 559 735 631; baseline 0.003 -19"><span class='ocrx_word' id='word_1_23' title='bbox 83 559 147 613; x_wconf 87' lang='lat' dir='ltr'>Ter</span> <span class='ocrx_word' id='word_1_24' title='bbox 157 559 260 613; x_wconf 77' lang='lat' dir='ltr'>frustra</span> <span class='ocrx_word' id='word_1_25' title='bbox 271 559 305 612; x_wconf 87' lang='lat' dir='ltr'>ad</span> <span class='ocrx_word' id='word_1_26' title='bbox 318 559 433 614; x_wconf 86' lang='lat' dir='ltr'>celerem</span> <span class='ocrx_word' id='word_1_27' title='bbox 446 559 568 615; x_wconf 84' lang='lat' dir='ltr'><strong>tenditur</strong></span> <span class='ocrx_word' id='word_1_28' title='bbox 581 561 623 614; x_wconf 76' lang='lat' dir='ltr'>ale</span> <span class='ocrx_word' id='word_1_29' title='bbox 633 559 735 631; x_wconf 75' lang='lat' dir='ltr'>sugam.</span> 
     </span>
    </p>
   </div>
   <div class='ocr_carea' id='block_1_3' title="bbox 43 780 826 1532">
    <p class='ocr_par' dir='ltr' id='par_1_4' title="bbox 43 780 816 947">
     <span class='ocr_line' id='line_1_6' title="bbox 43 780 816 852; baseline 0.003 -18"><span class='ocrx_word' id='word_1_30' title='bbox 43 781 84 834; x_wconf 83' lang='lat' dir='ltr'>Et</span> <span class='ocrx_word' id='word_1_31' title='bbox 97 780 235 850; x_wconf 82' lang='lat' dir='ltr'><strong>trepidam</strong></span> <span class='ocrx_word' id='word_1_32' title='bbox 248 781 372 850; x_wconf 81' lang='lat' dir='ltr'>quatiens</span> <span class='ocrx_word' id='word_1_33' title='bbox 383 797 509 850; x_wconf 81' lang='lat' dir='ltr'>pennam,</span> <span class='ocrx_word' id='word_1_34' title='bbox 524 799 587 836; x_wconf 88' lang='lat' dir='ltr'>oum</span> <span class='ocrx_word' id='word_1_35' title='bbox 599 781 709 836; x_wconf 83' lang='lat' dir='ltr'>fletibus</span> <span class='ocrx_word' id='word_1_36' title='bbox 721 781 816 852; x_wconf 86' lang='lat' dir='ltr'>inquit,</span> 
     </span>
     <span class='ocr_line' id='line_1_7' title="bbox 84 878 710 947; baseline 0 -15"><span class='ocrx_word' id='word_1_37' title='bbox 84 885 105 909; x_wconf 92' lang='lat'>·‘</span> <span class='ocrx_word' id='word_1_38' title='bbox 117 878 250 932; x_wconf 85' lang='lat' dir='ltr'>Fortunae</span> <span class='ocrx_word' id='word_1_39' title='bbox 262 879 393 947; x_wconf 79' lang='lat' dir='ltr'>ignoscas,</span> <span class='ocrx_word' id='word_1_40' title='bbox 407 878 505 932; x_wconf 77' lang='lat' dir='ltr'>blanda</span> <span class='ocrx_word' id='word_1_41' title='bbox 516 879 614 947; x_wconf 82' lang='lat' dir='ltr'>puella,</span> <span class='ocrx_word' id='word_1_42' title='bbox 629 895 710 938; x_wconf 86' lang='lat' dir='ltr'>meae;</span> 
     </span>
    </p>

    <p class='ocr_par' dir='ltr' id='par_1_5' title="bbox 43 975 712 1140">
     <span class='ocr_line' id='line_1_8' title="bbox 43 975 712 1044; baseline -0.003 -14"><span class='ocrx_word' id='word_1_43' title='bbox 43 975 190 1044; x_wconf 82' lang='lat' dir='ltr'>Ignoscas,</span> <span class='ocrx_word' id='word_1_44' title='bbox 202 975 226 1028; x_wconf 90' lang='lat' dir='ltr'>si</span> <span class='ocrx_word' id='word_1_45' title='bbox 237 991 349 1040; x_wconf 82' lang='lat' dir='ltr'>oaeonm,</span> <span class='ocrx_word' id='word_1_46' title='bbox 363 975 459 1044; x_wconf 80' lang='lat' dir='ltr'>inquit,</span> <span class='ocrx_word' id='word_1_47' title='bbox 474 992 518 1029; x_wconf 90' lang='lat' dir='ltr'>me</span> <span class='ocrx_word' id='word_1_48' title='bbox 531 975 625 1029; x_wconf 87' lang='lat' dir='ltr'>devius</span> <span class='ocrx_word' id='word_1_49' title='bbox 638 991 712 1028; x_wconf 87' lang='lat' dir='ltr'>error</span> 
     </span>
     <span class='ocr_line' id='line_1_9' title="bbox 83 1070 705 1140; baseline 0 -16"><span class='ocrx_word' id='word_1_50' title='bbox 83 1070 207 1124; x_wconf 82' lang='lat' dir='ltr'>Duxerit</span> <span class='ocrx_word' id='word_1_51' title='bbox 219 1071 252 1124; x_wconf 82' lang='lat' dir='ltr'>ad</span> <span class='ocrx_word' id='word_1_52' title='bbox 265 1077 369 1139; x_wconf 87' lang='lat' dir='ltr'>pectus,</span> <span class='ocrx_word' id='word_1_53' title='bbox 384 1072 497 1126; x_wconf 83' lang='lat' dir='ltr'>candida</span> <span class='ocrx_word' id='word_1_54' title='bbox 509 1071 593 1140; x_wconf 87' lang='lat' dir='ltr'>virgo,</span> <span class='ocrx_word' id='word_1_55' title='bbox 609 1079 705 1126; x_wconf 80' lang='lat' dir='ltr'>tuum:</span> 
     </span>
    </p>

    <p class='ocr_par' dir='ltr' id='par_1_6' title="bbox 43 1167 826 1340">
     <span class='ocr_line' id='line_1_10' title="bbox 43 1167 826 1239; baseline 0.003 -17"><span class='ocrx_word' id='word_1_56' title='bbox 43 1168 157 1223; x_wconf 83' lang='lat' dir='ltr'>Devius</span> <span class='ocrx_word' id='word_1_57' title='bbox 170 1185 246 1222; x_wconf 82' lang='lat' dir='ltr'>error</span> <span class='ocrx_word' id='word_1_58' title='bbox 257 1175 315 1222; x_wconf 82' lang='lat' dir='ltr'>erat</span> <span class='ocrx_word' id='word_1_59' title='bbox 328 1177 417 1229; x_wconf 84' lang='lat' dir='ltr'>certe;</span> <span class='ocrx_word' id='word_1_60' title='bbox 444 1186 562 1239; x_wconf 84' lang='lat' dir='ltr'>nemque</span> <span class='ocrx_word' id='word_1_61' title='bbox 574 1169 628 1222; x_wconf 87' lang='lat' dir='ltr'>hen</span> <span class='ocrx_word' id='word_1_62' title='bbox 642 1170 712 1223; x_wconf 88' lang='lat' dir='ltr'>bene</span> <span class='ocrx_word' id='word_1_63' title='bbox 724 1167 826 1232; x_wconf 69' lang='lat' dir='ltr'>noram,</span> 
     </span>
     <span class='ocr_line' id='line_1_11' title="bbox 85 1265 649 1340; baseline 0.002 -21"><span class='ocrx_word' id='word_1_64' title='bbox 85 1266 172 1328; x_wconf 86' lang='lat' dir='ltr'>Quod</span> <span class='ocrx_word' id='word_1_65' title='bbox 185 1265 264 1320; x_wconf 86' lang='lat' dir='ltr'>sedes</span> <span class='ocrx_word' id='word_1_66' title='bbox 277 1265 330 1320; x_wconf 86' lang='lat' dir='ltr'>illio</span> <span class='ocrx_word' id='word_1_67' title='bbox 343 1283 399 1320; x_wconf 91' lang='lat' dir='ltr'>non</span> <span class='ocrx_word' id='word_1_68' title='bbox 412 1265 554 1340; x_wconf 84' lang='lat' dir='ltr'>habiturus</span> <span class='ocrx_word' id='word_1_69' title='bbox 568 1284 649 1320; x_wconf 85' lang='lat' dir='ltr'>eram.</span> 
     </span>
    </p>

    <p class='ocr_par' dir='ltr' id='par_1_7' title="bbox 46 1363 808 1532">
     <span class='ocr_line' id='line_1_12' title="bbox 46 1363 808 1436; baseline 0.001 -18"><span class='ocrx_word' id='word_1_70' title='bbox 46 1363 179 1418; x_wconf 73' lang='lat' dir='ltr'>Dimittes</span> <span class='ocrx_word' id='word_1_71' title='bbox 191 1364 336 1433; x_wconf 83' lang='lat' dir='ltr'>captivum,</span> <span class='ocrx_word' id='word_1_72' title='bbox 351 1381 415 1427; x_wconf 88' lang='lat' dir='ltr'>oro;</span> <span class='ocrx_word' id='word_1_73' title='bbox 442 1365 489 1434; x_wconf 90' lang='lat' dir='ltr'>qui</span> <span class='ocrx_word' id='word_1_74' title='bbox 501 1365 539 1418; x_wconf 90' lang='lat' dir='ltr'>nil</span> <span class='ocrx_word' id='word_1_75' title='bbox 552 1365 608 1427; x_wconf 87' lang='lat' dir='ltr'>tibi,</span> <span class='ocrx_word' id='word_1_76' title='bbox 623 1365 751 1436; x_wconf 87' lang='lat' dir='ltr'><strong>nympha,</strong></span> <span class='ocrx_word' id='word_1_77' title='bbox 767 1374 808 1421; x_wconf 87' lang='lat' dir='ltr'>est</span> 
     </span>
     <span class='ocr_line' id='line_1_13' title="bbox 85 1461 665 1532; baseline 0.003 -18"><span class='ocrx_word' id='word_1_78' title='bbox 85 1461 210 1525; x_wconf 78' lang='lat' dir='ltr'><strong>Molitus,</strong></span> <span class='ocrx_word' id='word_1_79' title='bbox 226 1468 300 1515; x_wconf 80' lang='lat' dir='ltr'>certe</span> <span class='ocrx_word' id='word_1_80' title='bbox 312 1461 349 1514; x_wconf 88' lang='lat' dir='ltr'>nii</span> <span class='ocrx_word' id='word_1_81' title='bbox 363 1461 418 1524; x_wconf 85' lang='lat' dir='ltr'>tibi,</span> <span class='ocrx_word' id='word_1_82' title='bbox 435 1462 561 1532; x_wconf 81' lang='lat' dir='ltr'><strong>nympha,</strong></span> <span class='ocrx_word' id='word_1_83' title='bbox 577 1463 665 1516; x_wconf 80' lang='lat' dir='ltr'>meli.”</span> 
     </span>
    </p>
   </div>
   <div class='ocr_carea' id='block_1_4' title="bbox 48 1679 848 2235">
    <p class='ocr_par' dir='ltr' id='par_1_8' title="bbox 49 1679 776 1850">
     <span class='ocr_line' id='line_1_14' title="bbox 49 1679 776 1751; baseline 0.004 -18"><span class='ocrx_word' id='word_1_84' title='bbox 49 1687 67 1710; x_wconf 84' lang='lat'>‘⁸</span> <span class='ocrx_word' id='word_1_85' title='bbox 77 1679 139 1734; x_wconf 84' lang='lat' dir='ltr'>Neo</span> <span class='ocrx_word' id='word_1_86' title='bbox 151 1681 218 1744; x_wconf 83' lang='lat' dir='ltr'>scio,</span> <span class='ocrx_word' id='word_1_87' title='bbox 233 1697 285 1735; x_wconf 84' lang='lat' dir='ltr'>neo</span> <span class='ocrx_word' id='word_1_88' title='bbox 297 1698 341 1735; x_wconf 85' lang='lat' dir='ltr'>me</span> <span class='ocrx_word' id='word_1_89' title='bbox 353 1682 421 1735; x_wconf 88' lang='lat' dir='ltr'>scire</span> <span class='ocrx_word' id='word_1_90' title='bbox 430 1683 534 1751; x_wconf 81' lang='lat' dir='ltr'>juvat,”</span> <span class='ocrx_word' id='word_1_91' title='bbox 550 1682 595 1737; x_wconf 87' lang='lat' dir='ltr'>oui</span> <span class='ocrx_word' id='word_1_92' title='bbox 607 1682 712 1737; x_wconf 80' lang='lat' dir='ltr'>rettulit</span> <span class='ocrx_word' id='word_1_93' title='bbox 725 1682 776 1744; x_wconf 85' lang='lat' dir='ltr'>ills,</span> 
     </span>
     <span class='ocr_line' id='line_1_15' title="bbox 84 1778 707 1850; baseline 0.003 -18"><span class='ocrx_word' id='word_1_94' title='bbox 84 1785 104 1808; x_wconf 90' lang='grc'>“</span> <span class='ocrx_word' id='word_1_95' title='bbox 117 1778 200 1832; x_wconf 86' lang='lat' dir='ltr'>Unde</span> <span class='ocrx_word' id='word_1_96' title='bbox 211 1795 280 1848; x_wconf 88' lang='lat' dir='ltr'>puer</span> <span class='ocrx_word' id='word_1_97' title='bbox 292 1779 391 1843; x_wconf 82' lang='lat' dir='ltr'>venias,</span> <span class='ocrx_word' id='word_1_98' title='bbox 407 1795 461 1849; x_wconf 92' lang='lat' dir='ltr'>qno</span> <span class='ocrx_word' id='word_1_99' title='bbox 473 1779 595 1850; x_wconf 85' lang='lat' dir='ltr'>fugiasve</span> <span class='ocrx_word' id='word_1_100' title='bbox 608 1796 707 1849; x_wconf 79' lang='lat' dir='ltr'>vsgus;</span> 
     </span>
    </p>

    <p class='ocr_par' dir='ltr' id='par_1_9' title="bbox 50 1876 848 2042">
     <span class='ocr_line' id='line_1_16' title="bbox 50 1876 848 1946; baseline 0.005 -18"><span class='ocrx_word' id='word_1_101' title='bbox 50 1876 114 1930; x_wconf 90' lang='lat' dir='ltr'>Non</span> <span class='ocrx_word' id='word_1_102' title='bbox 127 1876 201 1939; x_wconf 85' lang='lat' dir='ltr'>mihi.</span> <span class='ocrx_word' id='word_1_103' title='bbox 214 1892 274 1946; x_wconf 85' lang='lat' dir='ltr'>quae</span> <span class='ocrx_word' id='word_1_104' title='bbox 284 1877 399 1940; x_wconf 74' lang='lat' dir='ltr'>latebre,</span> <span class='ocrx_word' id='word_1_105' title='bbox 412 1893 471 1946; x_wconf 87' lang='lat' dir='ltr'>quae</span> <span class='ocrx_word' id='word_1_106' title='bbox 480 1879 535 1932; x_wconf 84' lang='lat' dir='ltr'>sint</span> <span class='ocrx_word' id='word_1_107' title='bbox 545 1877 703 1941; x_wconf 77' lang='lat' dir='ltr'>habitacula,</span> <span class='ocrx_word' id='word_1_108' title='bbox 715 1895 786 1932; x_wconf 84' lang='lat' dir='ltr'>cnrae</span> <span class='ocrx_word' id='word_1_109' title='bbox 798 1889 848 1941; x_wconf 83' lang='lat' dir='ltr'>est,</span> 
     </span>
     <span class='ocr_line' id='line_1_17' title="bbox 85 1973 705 2042; baseline 0.005 -16"><span class='ocrx_word' id='word_1_110' title='bbox 85 1973 150 2026; x_wconf 91' lang='lat' dir='ltr'>Non</span> <span class='ocrx_word' id='word_1_111' title='bbox 163 1973 236 2036; x_wconf 87' lang='lat' dir='ltr'>mihi,</span> <span class='ocrx_word' id='word_1_112' title='bbox 252 1989 306 2042; x_wconf 83' lang='lat' dir='ltr'>qus</span> <span class='ocrx_word' id='word_1_113' title='bbox 317 1979 409 2026; x_wconf 79' lang='lat' dir='ltr'>nectas</span> <span class='ocrx_word' id='word_1_114' title='bbox 420 1973 448 2026; x_wconf 93' lang='lat' dir='ltr'>in</span> <span class='ocrx_word' id='word_1_115' title='bbox 462 1974 573 2042; x_wconf 83' lang='lat' dir='ltr'>regione</span> <span class='ocrx_word' id='word_1_116' title='bbox 584 1991 687 2028; x_wconf 82' lang='lat' dir='ltr'>moram</span> <span class='ocrx_word' id='word_1_117' title='bbox 698 1996 705 2035; x_wconf 90' lang='lat'>;</span> 
     </span>
    </p>

    <p class='ocr_par' dir='ltr' id='par_1_10' title="bbox 48 2067 823 2235">
     <span class='ocr_line' id='line_1_18' title="bbox 48 2067 823 2139; baseline 0.004 -17"><span class='ocrx_word' id='word_1_118' title='bbox 48 2070 87 2122; x_wconf 79' lang='lat' dir='ltr'>nt</span> <span class='ocrx_word' id='word_1_119' title='bbox 99 2085 156 2122; x_wconf 90' lang='lat' dir='ltr'>non</span> <span class='ocrx_word' id='word_1_120' title='bbox 169 2067 318 2130; x_wconf 70' lang='lat' dir='ltr'>dimittam,</span> <span class='ocrx_word' id='word_1_121' title='bbox 341 2085 431 2138; x_wconf 85' lang='lat' dir='ltr'>neque</span> <span class='ocrx_word' id='word_1_122' title='bbox 444 2069 516 2123; x_wconf 90' lang='lat' dir='ltr'>enim</span> <span class='ocrx_word' id='word_1_123' title='bbox 529 2069 578 2124; x_wconf 81' lang='lat' dir='ltr'>tibi</span> <span class='ocrx_word' id='word_1_124' title='bbox 589 2070 686 2132; x_wconf 89' lang='lat' dir='ltr'>oredo;</span> <span class='ocrx_word' id='word_1_125' title='bbox 713 2072 823 2139; x_wconf 82' lang='lat' dir='ltr'>parabas</span> 
     </span>
     <span class='ocr_line' id='line_1_19' title="bbox 85 2165 653 2235; baseline 0 -16"><span class='ocrx_word' id='word_1_126' title='bbox 85 2165 155 2220; x_wconf 79' lang='lat' dir='ltr'>Nam</span> <span class='ocrx_word' id='word_1_127' title='bbox 168 2173 243 2221; x_wconf 82' lang='lat' dir='ltr'>certe</span> <span class='ocrx_word' id='word_1_128' title='bbox 254 2165 372 2228; x_wconf 83' lang='lat' dir='ltr'>insidias,</span> <span class='ocrx_word' id='word_1_129' title='bbox 387 2166 549 2235; x_wconf 79' lang='lat' dir='ltr'>insidiasque</span> <span class='ocrx_word' id='word_1_130' title='bbox 562 2166 653 2220; x_wconf 90' lang='lat' dir='ltr'>mihi.”</span> 
     </span>
    </p>
   </div>
   <div class='ocr_carea' id='block_1_5' title="bbox 50 2389 798 2749">
    <p class='ocr_par' dir='ltr' id='par_1_11' title="bbox 50 2389 798 2556">
     <span class='ocr_line' id='line_1_20' title="bbox 50 2389 798 2462; baseline 0.001 -18"><span class='ocrx_word' id='word_1_131' title='bbox 50 2397 68 2421; x_wconf 83' lang='lat'>‘⁴</span> <span class='ocrx_word' id='word_1_132' title='bbox 78 2389 237 2460; x_wconf 78' lang='lat' dir='ltr'>virgineum</span> <span class='ocrx_word' id='word_1_133' title='bbox 249 2407 309 2462; x_wconf 74' lang='lat' dir='ltr'>qne</span> <span class='ocrx_word' id='word_1_134' title='bbox 321 2405 394 2444; x_wconf 82' lang='lat' dir='ltr'>onrae</span> <span class='ocrx_word' id='word_1_135' title='bbox 406 2398 507 2460; x_wconf 83' lang='lat' dir='ltr'>urgent</span> <span class='ocrx_word' id='word_1_136' title='bbox 518 2391 568 2445; x_wconf 78' lang='lat' dir='ltr'>tibi</span> <span class='ocrx_word' id='word_1_137' title='bbox 579 2398 675 2461; x_wconf 85' lang='lat' dir='ltr'>pectus</span> <span class='ocrx_word' id='word_1_138' title='bbox 688 2389 798 2446; x_wconf 81' lang='lat' dir='ltr'>inanesi</span> 
     </span>
     <span class='ocr_line' id='line_1_21' title="bbox 82 2486 619 2556; baseline 0.002 -17"><span class='ocrx_word' id='word_1_139' title='bbox 82 2486 145 2556; x_wconf 88' lang='lat' dir='ltr'>Ipse</span> <span class='ocrx_word' id='word_1_140' title='bbox 157 2487 254 2541; x_wconf 86' lang='lat' dir='ltr'>lubens</span> <span class='ocrx_word' id='word_1_141' title='bbox 267 2503 353 2551; x_wconf 85' lang='lat' dir='ltr'>arcus,</span> <span class='ocrx_word' id='word_1_142' title='bbox 369 2494 397 2542; x_wconf 85' lang='lat' dir='ltr'>et</span> <span class='ocrx_word' id='word_1_143' title='bbox 410 2487 459 2542; x_wconf 81' lang='lat' dir='ltr'>tibi</span> <span class='ocrx_word' id='word_1_144' title='bbox 470 2489 523 2542; x_wconf 78' lang='lat' dir='ltr'>tela</span> <span class='ocrx_word' id='word_1_145' title='bbox 536 2489 619 2542; x_wconf 76' lang='lat' dir='ltr'>dabo:</span> 
     </span>
    </p>

    <p class='ocr_par' dir='ltr' id='par_1_12' title="bbox 50 2583 699 2749">
     <span class='ocr_line' id='line_1_22' title="bbox 50 2583 699 2653; baseline 0.003 -17"><span class='ocrx_word' id='word_1_146' title='bbox 50 2583 161 2653; x_wconf 81' lang='lat' dir='ltr'>Captivo</span> <span class='ocrx_word' id='word_1_147' title='bbox 174 2583 247 2647; x_wconf 79' lang='lat' dir='ltr'>mihi,</span> <span class='ocrx_word' id='word_1_148' title='bbox 263 2599 324 2638; x_wconf 81' lang='lat' dir='ltr'>cera</span> <span class='ocrx_word' id='word_1_149' title='bbox 338 2583 431 2646; x_wconf 86' lang='lat' dir='ltr'>Chloe,</span> <span class='ocrx_word' id='word_1_150' title='bbox 447 2584 470 2637; x_wconf 92' lang='lat' dir='ltr'>si</span> <span class='ocrx_word' id='word_1_151' title='bbox 482 2585 590 2638; x_wconf 80' lang='lat' dir='ltr'>vinculo</span> <span class='ocrx_word' id='word_1_152' title='bbox 602 2584 699 2647; x_wconf 74' lang='lat' dir='ltr'>solves,</span> 
     </span>
     <span class='ocr_line' id='line_1_23' title="bbox 82 2679 661 2749; baseline 0.002 -16"><span class='ocrx_word' id='word_1_153' title='bbox 82 2680 119 2734; x_wconf 80' lang='lat' dir='ltr'>Et</span> <span class='ocrx_word' id='word_1_154' title='bbox 130 2696 184 2742; x_wconf 87' lang='lat' dir='ltr'>me,</span> <span class='ocrx_word' id='word_1_155' title='bbox 198 2696 254 2749; x_wconf 92' lang='lat' dir='ltr'>quo</span> <span class='ocrx_word' id='word_1_156' title='bbox 265 2679 355 2742; x_wconf 80' lang='lat' dir='ltr'>libeat,</span> <span class='ocrx_word' id='word_1_157' title='bbox 370 2696 464 2735; x_wconf 82' lang='lat' dir='ltr'>rursus</span> <span class='ocrx_word' id='word_1_158' title='bbox 476 2681 550 2735; x_wconf 83' lang='lat' dir='ltr'>abire</span> <span class='ocrx_word' id='word_1_159' title='bbox 563 2680 661 2735; x_wconf 85' lang='lat' dir='ltr'>sines.&#39;&#39;</span> 
     </span>
    </p>
   </div>
   <div class='ocr_carea' id='block_1_6' title="bbox 50 2887 759 3046">
    <p class='ocr_par' dir='ltr' id='par_1_13' title="bbox 50 2887 759 3046">
     <span class='ocr_line' id='line_1_24' title="bbox 50 2887 759 2958; baseline -0.001 -17"><span class='ocrx_word' id='word_1_160' title='bbox 50 2896 66 2918; x_wconf 81' lang='lat'>‘¹</span> <span class='ocrx_word' id='word_1_161' title='bbox 76 2887 235 2958; x_wconf 82' lang='lat' dir='ltr'>Virgineum</span> <span class='ocrx_word' id='word_1_162' title='bbox 248 2887 365 2942; x_wconf 84' lang='lat' dir='ltr'>deiende</span> <span class='ocrx_word' id='word_1_163' title='bbox 378 2903 468 2942; x_wconf 87' lang='lat' dir='ltr'>meum</span> <span class='ocrx_word' id='word_1_164' title='bbox 482 2889 516 2942; x_wconf 85' lang='lat' dir='ltr'>de</span> <span class='ocrx_word' id='word_1_165' title='bbox 529 2888 643 2941; x_wconf 87' lang='lat' dir='ltr'>vnlnere</span> <span class='ocrx_word' id='word_1_166' title='bbox 655 2895 759 2956; x_wconf 82' lang='lat' dir='ltr'>pectns,</span> 
     </span>
     <span class='ocr_line' id='line_1_25' title="bbox 81 2983 669 3046; baseline -0.002 -10"><span class='ocrx_word' id='word_1_167' title='bbox 81 2983 117 3037; x_wconf 80' lang='lat' dir='ltr'>Et</span> <span class='ocrx_word' id='word_1_168' title='bbox 130 2983 197 3037; x_wconf 89' lang='lat' dir='ltr'>mihi</span> <span class='ocrx_word' id='word_1_169' title='bbox 209 2983 257 3037; x_wconf 79' lang='lat' dir='ltr'>des</span> <span class='ocrx_word' id='word_1_170' title='bbox 270 3000 357 3046; x_wconf 78' lang='lat' dir='ltr'>arcus,</span> <span class='ocrx_word' id='word_1_171' title='bbox 374 2991 401 3038; x_wconf 86' lang='lat' dir='ltr'>et</span> <span class='ocrx_word' id='word_1_172' title='bbox 414 2983 478 3037; x_wconf 90' lang='lat' dir='ltr'>mihi</span> <span class='ocrx_word' id='word_1_173' title='bbox 491 2985 545 3038; x_wconf 83' lang='lat' dir='ltr'>tels</span> <span class='ocrx_word' id='word_1_174' title='bbox 557 2984 669 3036; x_wconf 89' lang='lat' dir='ltr'>lubens:</span> 
     </span>
    </p>
   </div>
   <div class='ocr_carea' id='block_1_7' title="bbox 0 0 1011 3398">
    <p class='ocr_par' dir='ltr' id='par_1_14' title="bbox 0 0 1011 3398">
     <span class='ocr_line' id='line_1_26' title="bbox 0 0 1011 3398; baseline 0 0"><span class='ocrx_word' id='word_1_175' title='bbox 0 0 1011 3398; x_wconf 95' lang='lat' dir='ltr'> </span> 
     </span>
    </p>
   </div>
  </div>
 </body>
</html>
