1986 3398
128 153 178 201 168
494 166 558 202 ons.

127 305 199 359 llinc
212 323 263 358 ncc
275 313 412 359 certamen
426 306 485 359 vult
497 306 542 360 illa
553 307 658 368 iterare.
673 309 717 362 vel
729 309 791 364 illa:

163 402 299 456 Contenta
311 410 340 456 et
350 403 416 456 felix
429 411 544 472 utraque
556 403 637 457 lsude
651 420 708 458 sua

127 499 220 552 Gloria
233 506 335 552 nature
345 505 428 567 atque
439 500 512 562 artis,
527 516 692 569 componere
704 509 794 555 tantas

163 594 232 654 Quae
243 596 333 662 potuit
344 595 406 648 lites
418 596 506 657 unica,
524 594 616 648 Mira*
633 595 695 649 luit.

481 979 577 1026 ons

168 1125 367 1180 MAGISTRI
388 1125 589 1180 GULIELMI
610 1124 892 1188 SHAKESPEAR,

329 1279 464 1316 VERSIONB
484 1279 589 1315 stum
608 1278 731 1314 DONA'l'A.

127 1408 183 1460 Vix
195 1409 361 1462 matutinum
374 1408 493 1462 ebiberat
506 1410 540 1462 de
552 1409 673 1478 gramine
686 1424 775 1461 rorem

164 1502 299 1557 Umbrosa
310 1503 427 1556 invitans
441 1503 558 1557 Phoebus
570 1505 604 1556 ad
616 1511 693 1556 antra
704 1505 797 1564 boves,

128 1599 199 1652 Cum
212 1615 306 1652 secum
318 1599 415 1667 placidi
430 1599 567 1669 Cytherea
579 1600 612 1652 ad
623 1597 743 1652 fluminis
755 1598 855 1660 undas,

166 1695 324 1748 Adventum
338 1701 484 1763 expectans
497 1694 576 1757 sedit,
594 1694 693 1756 Adoni,
709 1700 798 1747 tuum.

129 1789 186 1842 Sub
198 1789 285 1843 salicis
298 1789 369 1843 sedit
381 1789 470 1851 ramis,
484 1789 532 1842 ubi
543 1805 613 1856 saepe
625 1789 730 1842 solebat

164 1883 352 1936 Procumbens
363 1883 463 1937 fastum
477 1883 636 1952 deposuisse
647 1899 724 1951 puer.

127 1979 222 2032 AEstus
235 1986 293 2031 erat
304 1979 410 2046 gravis;
430 1986 458 2031 at
469 1978 576 2046 gravior
589 1979 640 2031 sub
652 1985 764 2045 pectore
777 1977 847 2031 divae

166 2073 222 2135 Qui
233 2073 294 2135 suit,
310 2079 337 2126 et
349 2072 431 2142 longe
444 2073 546 2134 sevior,
562 2080 646 2126 aestus
659 2079 725 2126 erat.

130 2167 197 2220 Mox
210 2183 278 2235 puer
290 2167 408 2230 advenit,
424 2168 571 2236 posuitque
583 2185 599 2220 a
610 2184 724 2235 corpore
737 2174 853 2229 vestem,
872 2201 874 2206 ·

166 2265 235 2317 Tam
247 2281 332 2332 prope
345 2265 390 2317 vix
404 2264 538 2319 Venerem
552 2265 691 2317 delituisse
704 2271 795 2316 ratus:

130 2361 224 2430 thue
237 2362 314 2415 deam
328 2362 395 2414 vidit
408 2363 584 2415 recubantem
597 2361 623 2414 in
637 2361 758 2428 margine
770 2359 843 2428 ripae.

167 2457 310 2511 Attonitus
322 2456 418 2510 mediis
431 2456 564 2510 insiliebat
576 2455 660 2524 aquis.

130 2552 277 2607 Crudelem
291 2553 404 2619 decepta
416 2552 518 2614 dolum,
533 2551 711 2619 fraudemque
724 2550 869 2620 superbam

166 2650 205 2704 Ut
218 2651 299 2711 videt,
314 2648 356 2701 bis
369 2647 469 2701 moestis
482 2647 595 2715 ingemit
607 2647 652 2701 ille
664 2647 770 2701 modis:

131 2746 195 2807 Cur,
211 2762 246 2800 ex
258 2760 387 2813 equoreae
399 2759 495 2811 spuma
508 2758 570 2795 cum
584 2758 709 2796 nascerer
721 2742 814 2803 undae,

167 2842 230 2895 Non
244 2843 310 2909 ipsa,
325 2857 341 2895 ο
355 2839 451 2909 inquit,
466 2836 592 2907 Jupiterl
619 2839 694 2891 unda
705 2835 763 2890 fuit

413 2976 424 2999 '
443 2975 508 3022 Vide
519 2989 582 3037 page
598 2975 651 3020 165.
