1986 3398
358 153 501 190 urnulas.
782 135 832 190 1⁸7

34 293 164 358 Tertium,
179 296 243 348 item
259 303 392 363 quartum,
408 296 589 365 quintumque
601 293 755 347 minuscula
768 309 830 359 sup-

100 391 166 459 plat,

66 486 121 539 Sed
134 502 189 538 non
203 485 323 554 ejusdem
337 485 443 553 singula
453 499 571 552 quaeque
582 484 644 537 loci.

33 579 169 650 Disposita
180 581 319 635 ordinibus
332 581 421 643 certis,
437 581 590 634 discrimina
602 587 711 634 servant
722 602 729 640 ;

67 677 136 738 Qua
148 678 199 732 sibi
211 678 383 740 conveniant,
398 677 492 745 seligat
505 677 579 730 unde
592 693 687 730 nurus.

35 771 133 829 Ultima
144 793 205 844 qua·
217 781 328 837 restant,
343 791 403 843 qua
415 774 500 827 multa
513 773 647 827 minutula
659 773 780 843 nympha

64 870 146 933 Dicit,
162 877 227 924 sunt
240 871 310 924 sexti
323 870 423 924 divitia
435 869 501 923 folii.

36 965 172 1026 Quantillo
184 967 213 1020 in
225 968 312 1035 spatio
325 966 449 1020 doctrina
460 963 491 1019 ol
511 971 613 1035 quanta
623 961 746 1017 latescit!

67 1062 157 1123 Quam
170 1069 262 1116 tamen
275 1063 418 1116 obscuram
430 1063 476 1115 rix
488 1062 620 1115 brevitate
632 1077 722 1113 voces.

35 1154 93 1209 Non
107 1164 150 1211 est
162 1157 304 1225 interpres,
319 1173 376 1210 non
389 1157 600 1210 commentarius
614 1156 694 1217 ullus,

67 1253 125 1305 Aut
137 1251 220 1306 index
231 1274 237 1313 ;
258 1260 313 1305 tam
326 1258 391 1306 sunt
403 1252 496 1305 omnia
506 1251 656 1320 perspicua.

34 1347 149 1402 AEtatern
161 1349 196 1402 ad
208 1349 338 1418 quamvis,
353 1348 388 1401 ad
400 1354 508 1416 captum
521 1348 558 1400 ita
568 1347 680 1415 fingitur
693 1363 810 1407 omnem.

67 1444 105 1498 Ut
117 1444 185 1498 nihil
197 1445 290 1498 auxilii
302 1445 422 1512 postulet
434 1445 498 1498 inde
510 1445 587 1498 liber.

37 1537 116 1593 Millin
126 1540 257 1594 librorum
270 1545 395 1593 numerat
407 1540 549 1608 perplura;
569 1557 620 1593 nec
633 1540 719 1593 ullum

67 1635 167 1689 Bodlaei
179 1635 243 1689 huic
252 1635 337 1704 jactat
351 1633 519 1688 Bibliotheca
531 1651 632 1703 parem.

37 1729 117 1785 Millia
131 1731 253 1785 Oaesareo
266 1737 391 1784 numerat
404 1746 513 1800 quoque
525 1747 639 1784 munere
654 1729 765 1792 Granta,

68 1827 133 1881 Haeo
145 1834 236 1880 tamen
250 1833 292 1879 est
304 1826 375 1878 inter
388 1825 470 1878 millia
481 1825 536 1878 tale
548 1826 623 1879 nihil.

37 1922 96 1977 Non
109 1932 159 1988 est,
175 1939 230 1976 non
243 1923 301 1977 istis
313 1929 408 1976 auctor
421 1922 455 1975 de
468 1922 585 1976 millibus
599 1939 679 1984 uuus,

69 2020 121 2074 Cui
133 2029 208 2074 tanta
218 2020 321 2089 ingenii
331 2019 380 2082 vis,
395 2018 439 2074 vel
450 2036 566 2074 acumen
578 2020 658 2073 inest.
