1986 3398
174 140 224 187 18⁰
476 151 673 187 casramcts.

173 293 328 354 immor,
343 293 465 346 AEoiidea
476 295 582 362 stupuit
594 295 776 347 modulamina
788 294 887 362 plectri,

173 388 235 441 Nec
246 389 333 442 amm‘t
343 389 448 443 funesti
458 407 543 444 onera
554 391 739 444 incumbentia
750 392 816 445 saxi.

172 485 249 553 Sqte
260 487 431 540 interventus
443 487 533 541 rbedae
545 488 710 556 crepitantis,
722 489 757 541 ab
769 487 813 540 illo

170 581 309 642 Virorum,
323 590 371 635 aut
383 583 438 644 illo,
453 583 598 650 stiparitem
611 583 674 636 binc
686 583 750 635 inde
762 589 892 636 catervam

171 676 293 738 Divitia
312 686 340 730 at
352 695 446 731 rursus
458 687 568 740 coeunt,
583 679 630 731 ubi
641 679 746 731 transiit
758 678 809 740 iiia,

172 773 210 825 Ut
222 781 324 826 coeunt
337 790 440 834 rursus
453 775 551 842 puppis
563 790 630 842 quas
642 775 744 834 dividit,
759 774 844 826 unde.

207 869 355 922 canticula
367 870 472 922 interea
484 876 639 922 narraverat
650 876 840 937 argumentum

171 967 266 1018 Altera
281 968 417 1027 Sirenum,
433 966 510 1018 infidi
522 967 641 1034 perjuria
652 973 748 1024 naute.

168 1061 374 1129 Deceptamque
386 1062 450 1114 dolo
462 1062 626 1130 nympham
647 1070 706 1114 tum
717 1061 807 1114 flebile
819 1075 922 1113 cumen

169 1157 315 1211 Flebilibns
326 1158 412 1210 movit
424 1159 553 1218 numeris,
568 1175 638 1226 quos
650 1158 733 1210 altera
745 1173 825 1210 versu

170 1255 286 1307 Aitemo
298 1255 420 1321 excepit:
444 1255 543 1322 patulis
555 1262 628 1307 stant
641 1254 752 1307 rictibus
764 1269 872 1306 omnes:

168 1350 299 1403 Dextram
312 1351 358 1403 iile
369 1351 493 1412 acclinat,
508 1351 601 1403 lavam
615 1350 659 1403 ille
671 1351 803 1403 attentius
815 1365 913 1407 aurem,

170 1447 339 1499 Promissum
352 1465 461 1500 carmen
474 1455 583 1516 captare
595 1454 703 1515 paratus
715 1446 799 1498 hiatu.

168 1543 265 1610 Longa
277 1543 378 1596 referre
391 1561 467 1598 mora
479 1551 529 1605 est.
544 1544 665 1596 animum
678 1559 732 1611 qua
744 1542 838 1596 vicerit
849 1549 905 1595 arte
976 1579 977 1586 κ

168 1640 326 1708 virgineum
336 1641 456 1709 juvenis.
494 1641 555 1694 Jarn
569 1648 687 1708 poscunt
698 1639 821 1707 undique
833 1639 932 1692 chartas

167 1736 306 1790 Protensae
319 1745 472 1804 emptorum
487 1738 597 1798 dextrae,
613 1754 680 1806 quas
692 1737 737 1788 ilia
749 1734 793 1788 vel
805 1735 850 1788 illa
976 1729 977 1812 ζ

166 1833 320 1887 Distribuit.
336 1843 481 1903 cantatque
494 1834 593 1888 simul:
614 1851 704 1902 neque
715 1832 821 1885 terreus
834 1832 885 1885 iste

167 1928 217 1982 Est
230 1946 344 1998 usquam
356 1932 471 1992 auditor,
487 1932 574 1984 dulcis
587 1932 632 1984 cui
642 1931 705 1984 lene
717 1944 838 1982 camaena
976 1917 977 1926 ἵ

167 2025 230 2076 Non
244 2025 353 2077 adhibet
365 2033 542 2087 tormentum,
559 2035 586 2078 et
598 2025 729 2078 furtivum
743 2024 816 2077 elicit
829 2040 923 2078 assem.

167 2121 227 2174 Stat
240 2121 344 2174 medios
358 2121 437 2184 inter,
452 2122 604 2189 baculoque
617 2121 742 2173 innititur
757 2120 836 2179 Irus;

166 2217 226 2270 Nec
239 2223 331 2271 tamen
344 2218 387 2271 bic
399 2218 490 2271 loculo
504 2218 596 2284 parcit.
612 2217 659 2270 sed
672 2217 801 2285 prodigus
815 2216 873 2269 aeris

166 2313 281 2383 Emptor
294 2315 379 2374 adest,
394 2314 475 2367 solvit
488 2315 614 2382 pretium,
630 2329 794 2382 carmenque
807 2311 925 2381 requirit.

166 2409 233 2461 Fors
243 2409 327 2477 juxta
338 2410 460 2462 adstabat
473 2410 565 2463 vetula
577 2409 731 2462 iracundior
744 2425 839 2475 aequ0;
976 2457 977 2504 1

168 2505 236 2565 Quoe
250 2505 341 2558 loculo
354 2521 388 2557 ex
401 2505 455 2557 imo
468 2506 593 2567 invitum,
608 2505 776 2573 longumque
787 2504 918 2556 latentem

167 2601 339 2668 Deprornens
348 2601 393 2654 vix
401 2603 512 2655 tandem
520 2601 639 2663 obolum,
653 2608 670 2630 ‘⁸
679 2600 887 2661 Ced0,ioemina,
897 2598 959 2652 char·

237 2699 320 2760 tam,'‘
931 2681 933 2683 ’
976 2693 977 2696 ’

168 2792 276 2860 lnquit;
298 2801 328 2845 ut
342 2800 473 2844 aeternum
487 2800 695 2845 monumentum
709 2792 735 2844 in
750 2790 836 2858 pariet
848 2789 934 2858 figam,

167 2886 237 2938 Cum
250 2885 350 2938 laribus
364 2901 523 2937 mansurum
541 2885 613 2953 ipsiS,
629 2903 709 2954 quam
722 2885 832 2938 credula
845 2881 960 2954 nymphis

168 2977 282 3030 Pectora
294 2977 347 3028 sint
359 2997 364 3035 ;
386 2977 487 3029 fraudis
500 2993 580 3044 quam
593 2979 681 3046 plena,
697 2987 724 3031 et
737 2979 839 3046 perfida
851 2981 944 3034 nautis.
