1986 3398
290 512 332 564 lN
353 512 546 566 EFFIGIEM

125 661 296 714 DOMlNAE
319 661 567 714 CATHARINAE
590 657 711 712 HYDE.

27 849 168 912 Knsscsni
181 860 304 929 egregios
313 860 379 914 vidit
395 859 557 930 Cytherea*
577 861 692 920 labores,

26 949 210 1021 Nympharum
223 956 309 1008 varios
322 955 438 1017 habitus,
454 955 601 1024 vultusque
614 964 754 1015 venustos,

27 1047 87 1107 Quis
98 1049 198 1104 frontis
211 1052 318 1106 divinus
331 1052 427 1114 honos,
442 1069 502 1121 qnae
513 1053 598 1120 gratia
611 1053 711 1121 cuique

24 1141 172 1208 Dissimilis,
186 1145 333 1215 sormaeque
345 1163 403 1201 suae
416 1149 486 1200 bene
498 1148 607 1201 conscie
619 1148 688 1206 diva,

25 1239 85 1293 “Sic
96 1242 187 1310 ego”†
208 1243 435 1312 (monstravitque
446 1247 541 1311 mauu)
560 1251 578 1273 ‘⁴
588 1245 627 1296 sic
638 1243 821 1304 orafercbam

24 1331 120 1402 lnquit,
137 1336 165 1387 in
181 1336 251 1389 ldaeo
262 1337 382 1391 referens
395 1339 543 1391 certamine
556 1353 677 1406 pomum.

24 1427 67 1482 Me
79 1431 176 1498 mihiss
195 1431 218 1484 si
230 1433 348 1494 memini,
360 1433 442 1486 talem
455 1434 607 1501 pellucidus
619 1433 714 1494 amnis,

25 1519 68 1577 ide
80 1525 165 1579 talem
179 1526 300 1580 exhibuit
313 1529 463 1595 speculum.
504 1530 548 1582 Sic
561 1531 628 1597 me§
642 1545 752 1597 quoque
765 1528 824 1596 pul-

89 1621 195 1684 chrum,

23 1713 121 1770 Nativo
135 1724 258 1770 exortam
270 1719 357 1773 fluctu
370 1737 432 1773 cum
446 1721 541 1788 pinxit,
556 1729 584 1774 et
597 1721 666 1774 udos

23 1814 178 1869 Siccantem
191 1815 218 1868 in
232 1815 289 1884 ripe
300 1815 396 1876 crines.
413 1815 554 1883 descripsit
567 1815 677 1882 Apelles
689 1837 695 1875 ;

24 1911 65 1965 Sic
78 1914 163 1966 nivea
174 1917 307 1966 ornarunt
319 1912 373 1965 fusi
385 1929 446 1965 mea
457 1913 527 1964 colla
539 1913 634 1980 capilli.

23 2011 155 2080 Plorsvifl
178 2012 287 2065 viduata
298 2029 390 2064 meum
403 2013 450 2072 sic,
465 2011 561 2080 inquit,
580 2011 699 2071 Adonin,

23 2107 56 2160 lit
69 2110 142 2162 teies
155 2107 228 2176 gessi
239 2108 331 2160 vultus
347 2124 460 2161 moerore
473 2109 614 2162 decoros.”

23 2204 59 2256 At
71 2221 141 2257 cum
155 2203 297 2270 conspexit
312 2201 445 2269 Mirans
463 2203 508 2256 cui
520 2202 609 2256 dulcis
622 2203 650 2255 in
665 2220 713 2255 ore

23 2297 164 2369 Majestas,
179 2298 337 2366 blandisque
351 2297 421 2350 nitor
434 2298 554 2351 suffusus
566 2298 667 2360 ocellis,

21 2395 166 2455 Constitit,
181 2394 334 2461 obtutuque
347 2393 460 2455 haerens,
473 2401 492 2423 ‘⁶
504 2393 686 2455 Formosi0r‚”
699 2392 795 2461 inquit,

21 2499 38 2521 “
48 2493 111 2546 Aut
125 2491 184 2543 haec
198 2497 239 2543 est
252 2489 337 2550 nobis
352 2497 400 2543 sut
413 2507 463 2543 nos
477 2491 545 2544 male
558 2491 645 2558 pinxit
661 2489 797 2557 Apelles.”

34 2679 45 2702 ·
67 2659 192 2720 intellige
204 2659 324 2721 imagines
336 2661 454 2722 quasdam
464 2674 478 2706 a
487 2660 517 2705 G.
527 2658 701 2714 Kneller‚Ber.
710 2657 830 2720 depictas.

32 2730 46 2784 l
68 2727 143 2774 Hon.
155 2725 363 2772 Dom.Sherrard.
429 2727 442 2784 1
456 2723 613 2770 Comitissam
623 2723 654 2770 de
664 2722 832 2770 Sunderland.

32 2796 43 2850 l
63 2793 143 2839 Com.
156 2789 187 2836 de
200 2788 336 2851 Ranelagli.
425 2791 434 2847 Η
453 2789 522 2836 Com.
533 2789 564 2835 de
575 2786 712 2850 Salisbury.

25 2858 46 2916 il
62 2857 145 2904 Dom.
156 2853 229 2901 Catii.
239 2853 320 2916 Hyde.
