1994 3398
399 166 500 203 nurci.
818 153 855 210 87

48 305 177 374 Longum
189 305 243 369 ille.
259 307 286 360 in
298 307 420 378 longum,
435 325 497 378 quae
511 307 585 362 nulle
596 305 744 360 aboleverit
757 310 828 365 etas.

84 401 224 471 Nullaque
238 404 393 458 morborum
406 405 455 467 vis,
472 410 650 460 monumenta
662 407 787 456 manent:

46 497 176 567 Namque
188 500 271 554 decor
283 501 366 556 simul
378 502 466 556 omnis
480 503 556 555 abest
569 507 597 556 et
609 500 694 569 gratia
704 499 812 560 sormae余

82 594 191 665 Fitque,
207 598 281 666 quod
293 599 377 652 aetetis
391 605 482 661 restet,
497 599 595 652 amoris
607 597 722 668 hyems余

46 689 154 745 Crescit
166 692 288 746 amicitie
299 694 389 747 suavis
402 694 589 763 reputantibus
602 709 677 755 usus,

84 789 178 850 Quem
189 790 233 844 vel
244 789 333 844 adhuc
345 791 414 860 greti
426 790 577 860 preteriere
590 791 656 844 dies.

45 889 177 956 Quaeque
189 888 317 942 retardari
328 894 443 957 possunt
455 904 503 957 per
516 887 591 941 nulla
602 894 717 941 senecta

79 985 204 1056 Frigora,
217 991 350 1056 perpetuo
361 984 460 1056 gaudie
469 984 547 1040 fonte
557 984 656 1038 fluunt.

378 1349 524 1406 Musei.

114 1550 241 1613 Porrrr,
255 1567 357 1612 musca,
373 1553 407 1605 de
422 1567 485 1606 meo
499 1557 547 1606 aut
559 1550 654 1620 quovis
667 1549 778 1621 scypho,

113 1647 225 1710 Vocula,
241 1664 297 1701 non
310 1655 412 1712 vocata,
427 1664 543 1718 presens
556 1648 668 1710 advena,

118 1745 233 1799 Lubens
244 1746 386 1815 libensque
399 1746 532 1800 curiosam
547 1746 627 1814 exple
639 1745 720 1806 sitim,

115 1840 224 1895 Sincere
236 1847 327 1894 totum
340 1842 364 1896 si
376 1841 476 1896 valebis
489 1842 619 1910 peculum
632 1863 638 1895 z

112 1935 178 1989 AEvi
190 1935 294 2004 fugacis
306 1935 468 2003 punctulum
482 1951 570 2003 carpe.
584 1935 689 2006 arripe余

115 2031 188 2095 AEvi,
203 2032 277 2100 quod
290 2031 400 2088 interire
414 2031 501 2102 pergit
514 2031 608 2086 indies.

116 2225 267 2294 Utriusque
279 2223 334 2278 vita
348 2231 482 2294 properat,
497 2232 525 2280 et
537 2231 585 2279 tua
597 2230 625 2278 et
638 2240 705 2287 mea,

117 2321 163 2374 Ad
175 2321 279 2375 exitum
293 2337 375 2376 cursu
387 2321 499 2376 incitato
513 2337 642 2389 vergere余

116 2418 207 2472 AEstas
220 2425 282 2480 tue,
296 2435 347 2472 nec
358 2418 473 2486 amplius
486 2418 603 2486 spatium
617 2425 658 2471 est
670 2434 746 2478 mee,

117 2514 162 2568 Ad
174 2515 215 2570 bis
227 2515 343 2570 tricenas
356 2531 443 2584 usque
457 2515 481 2570 si
493 2516 563 2569 redit
576 2515 667 2571 vicesz

115 2611 187 2666 Cum
200 2611 343 2680 preteribit
357 2612 396 2666 bis
408 2611 519 2675 tricena,
534 2613 615 2667 sicuti

115 2707 205 2762 Unius
217 2707 316 2762 estatis
328 2706 463 2762 videbitur
475 2708 548 2777 iuge.
