1986 3398
241 179 359 216 veniris
377 181 412 216 ar
431 181 569 218 nurerum.
768 171 818 219 tul

33 319 157 381 Nascitur,
173 326 200 372 et
212 319 294 390 longo
307 321 436 390 patientia
447 324 546 377 crescit
557 325 591 378 ab
603 342 673 385 usu;

66 415 91 468 N
93 432 121 470 eo
128 416 191 484 jam,
207 432 266 484 quae
278 417 389 471 dederat
401 419 486 481 tedia,
502 435 593 472 career
605 420 694 474 habet.

30 511 88 564 Jam
99 527 127 564 se
138 511 238 565 solatur
251 519 333 566 cantu
346 514 469 583 neptium
489 531 540 568 nec
554 514 608 568 ulla

65 609 174 662 Suarius
187 608 215 662 iu
228 611 328 679 oampis
342 610 425 665 libera
437 619 527 666 cantat
539 614 605 670 aris⁴

186 1234 358 1292 VERITAS
379 1237 431 1292 ΕΤ
453 1237 652 1293 AMICITIA.

22 1451 76 1505 Ear
93 1452 185 1516 homo,
200 1461 334 1508 mercator
346 1454 411 1515 ruri,
427 1453 472 1506 oui
483 1453 533 1506 lux
545 1452 637 1505 tremit
648 1451 739 1511 intus;

55 1549 87 1602 Iu
100 1549 177 1603 cultu
188 1549 305 1619 gravitas
317 1556 367 1613 est,
381 1549 448 1604 etin
462 1565 510 1602 ore
521 1548 588 1602 fides
600 1570 606 1600 :

22 1643 75 1704 Qui
86 1643 175 1714 longis
187 1644 244 1698 odit
257 1646 403 1699 verborum
422 1643 579 1712 ambagibus
591 1643 641 1704 uti,

52 1739 112 1793 uec
125 1757 189 1793 eum
202 1739 297 1794 vicinis
310 1725 511 1795 mandantes
523 1739 586 1808 agn.

18 1833 75 1888 Neo
87 1835 206 1903 pretIum
218 1835 366 1905 ingeminat
381 1835 522 1889 venalibus
534 1832 649 1903 amplius
662 1847 747 1900 equo,

50 1930 89 1984 Ut
102 1947 168 1983 mox
187 1931 328 1993 diminuat,
344 1930 510 1991 dimidietve,
525 1929 641 1981 luorum.

15 2025 73 2080 Nec
86 2026 170 2080 nimis
183 2028 288 2081 extollit
302 2044 414 2089 meroes,
431 2034 459 2079 et
476 2025 602 2079 laudibus
613 2030 713 2092 auget;

48 2121 235 2176 Commendet
246 2123 344 2176 melius
356 2138 423 2190 quas
435 2138 502 2175 suus
515 2121 572 2188 ipse
585 2119 669 2173 valor.

14 2215 58 2269 Nil
71 2234 176 2271 vanum
188 2224 235 2271 aut
246 2217 362 2278 falsum3
382 2217 431 2270 sed
444 2233 485 2269 nae
497 2215 646 2269 solenniter
658 2219 705 2267 aut
720 2230 776 2268 non

45 2314 158 2368 Profert
171 2315 325 2383 particulas,
340 2321 368 2368 et
380 2313 440 2368 sine
452 2313 556 2375 fraude,
571 2313 647 2366 duas.

14 2409 211 2478 Quodcunque
223 2409 355 2463 affirmatu
366 2425 436 2477 opus
448 2415 499 2471 est,
511 2409 696 2476 quodcunque
708 2413 818 2476 negatu,

44 2505 176 2558 Affirmat
188 2505 271 2567 nude,
289 2505 501 2573 simpboiterque
514 2511 604 2572 negat.

14 2600 33 2654 O
46 2601 172 2668 probitas
184 2597 326 2668 prImoeral
347 2616 381 2652 an
395 2605 422 2653 et
435 2599 491 2652 haeo
503 2597 629 2651 laudatur
644 2603 671 2649 et
683 2596 755 2664 alget
766 2617 773 2656 ;

43 2696 151 2750 Nonne
165 2695 222 2748 bec
236 2700 374 2763 emptores
388 2693 532 2747 conciliare
544 2689 655 2760 potest?

14 2790 74 2846 ,laei
95 2791 185 2856 venit,
200 2790 250 2846 ahl
271 2789 352 2846 aanel
372 2792 476 2846 multus
488 2790 564 2843 venit
576 2793 683 2856 emptor
695 2786 807 2848 amicus,

41 2888 194 2959 Multaque
206 2904 270 2944 oum
282 2895 377 2943 saneto
389 2887 473 2942 fratre
488 2886 602 2955 profana
613 2900 698 2938 soror.
