2036 3400
404 157 508 192 vomuit.

51 291 134 346 Liber
144 299 171 344 et
184 291 320 352 immunm
336 291 417 345 nullis
429 290 445 345 ὲ
457 293 578 360 pertibus
590 294 703 355 tudetem,

87 388 148 442 Neo
159 388 252 457 legum
264 387 393 440 adversus
406 386 460 439 vim
473 387 642 464 fluviumque
656 395 764 448 nutem

52 485 127 546 Quid
157 484 260 552 loquar,
288 491 335 537 eut
359 484 481 546 scribam,
504 491 656 553 cautusque
680 492 707 538 et
729 485 858 554 providus
942 495 949 505 ¹

88 581 133 635 Ire
145 581 231 634 sinum
244 581 320 648 regni
332 597 384 640 res.
400 581 475 634 velut
488 581 527 635 ire
541 581 647 634 volunt.
720 589 721 596 ’
740 583 855 648 [auctor,

50 680 144 748 AEquo
156 679 276 732 animum
289 678 412 746 imperio,
427 685 479 732 etc.

50 871 97 934 Di,
113 888 183 940 quos
195 870 338 939 imperium
351 887 436 938 penes
450 879 499 932 est,
515 888 666 941 rerumque
678 879 805 940 potestas,

89 969 194 1038 Regna,
209 969 307 1037 quibus
320 969 408 1022 visum
422 977 472 1030 est,
489 970 563 1030 dent,
578 969 753 1037 adimuntque
766 970 834 1022 duta.

51 1066 217 1134 Impositum
231 1066 310 1133 capiti
323 1066 426 1118 solvam
439 1083 495 1118 non
510 1066 621 1119 invidus
633 1083 729 1128 assem,

90 1163 155 1216 Una
166 1163 229 1216 licet
242 1162 339 1216 tubulo
351 1179 407 1216 nox
420 1163 577 1233 cyathoque
590 1170 672 1217 caret.

50 1259 145 1327 AEquo
157 1257 277 1310 animum
291 1257 410 1325 imperio,
427 1266 478 1311 etc.

52 1454 164 1507 Solvam
178 1467 238 1521 ego,
253 1468 304 1506 neo
316 1453 447 1520 querulus
462 1460 557 1507 contra
569 1456 705 1518 mussabo‚
721 1456 824 1509 tributa

90 1550 120 1603 Si
130 1556 243 1617 poseant
256 1565 363 1602 menses
376 1549 615 1619 hebdomadesque
626 1569 714 1612 nova;

53 1647 111 1701 Cur
125 1647 228 1702 etenim
241 1648 400 1700 obmussans
413 1649 509 1700 duram
522 1649 677 1702 vocitavero
689 1649 786 1717 legem,

90 1745 164 1798 Cum
175 1744 255 1798 fundi
267 1745 373 1798 solvant
385 1744 424 1798 nil
437 1746 491 1798 mei
503 1746 531 1798 in
547 1745 667 1816 Utopiu?

51 1843 146 1910 AEquo
159 1841 280 1894 animum
292 1841 414 1908 imperio,
430 1847 482 1893 eto.

54 2029 121 2082 Non
134 2033 200 2096 peto
214 2027 336 2087 divitiam
358 2043 408 2079 nec
421 2026 472 2079 sim
485 2034 539 2079 tam
553 2027 663 2080 sordide
676 2044 786 2096 egenus,

91 2125 218 2178 Nauseet
231 2130 261 2175 ut
274 2123 349 2175 dives
362 2128 435 2174 tectu
446 2122 537 2175 subire
549 2139 609 2174 mea
620 2143 626 2173 z

55 2221 133 2283 Quin
143 2235 254 2273 mecum
264 2218 382 2272 historiis
394 2219 429 2272 ud
437 2218 544 2286 largum
558 2218 675 2272 circulus
687 2220 777 2288 ignem

91 2317 229 2384 Decipere
242 2315 370 2385 hybernae
382 2315 459 2368 taedia
472 2315 560 2368 noctis
573 2323 653 2368 amet.

52 2413 149 2482 AEquo
162 2412 283 2465 animum
296 2411 416 2479 imperio,
432 2417 484 2464 etc.

85 2565 100 2590 ¹
118 2556 141 2604 Α
154 2555 273 2620 poll-bill.

86 2649 98 2682 r
115 2639 139 2688 A
152 2637 219 2702 good
230 2645 438 2699 encouragement
449 2647 475 2686 to
486 2654 534 2702 pay
546 2639 584 2686 for
596 2637 635 2685 his
645 2636 717 2685 head.

86 2727 97 2752 ¹
114 2722 139 2769 A
150 2719 222 2784 place
233 2718 260 2766 iu
272 2719 380 2782 Jupiter,
392 2734 420 2766 or
431 2719 473 2767 the
486 2735 570 2776 moon,
583 2735 611 2766 or
623 2733 690 2765 some
702 2716 772 2765 other
784 2718 812 2765 of
821 2719 862 2766 the

52 2787 170 2853 planetu
188 2783 291 2832 soritis
303 2793 346 2831 not
358 2792 383 2831 to
394 2783 425 2831 be
437 2785 514 2832 found
529 2785 556 2832 in
569 2785 610 2832 the
622 2798 679 2845 map
690 2784 714 2828 ot
726 2781 767 2829 the
779 2783 862 2832 world.

88 2876 99 2902 Ι
114 2866 400 2930 —Pauperemque
413 2867 482 2914 dive·

118 2933 164 2981 Me
174 2931 246 2995 petit.
367 2996 371 3006 Ι
725 2928 798 2975 Hor.

107 2996 410 3111 ffith-slumles
718 3058 798 3104 loru.
