1994 3398
298 165 369 202 ANUS
387 165 552 204 SECULAMS.

112 303 247 358 Pabulum
260 322 310 360 nos
322 304 498 376 luxuriesque
509 308 584 370 lethi,

112 399 180 463 Nos,
195 401 276 455 simul
287 403 352 466 nati,
366 404 509 472 incipimus
520 404 625 472 perire;

111 498 171 552 Nos
183 499 273 553 statim
285 517 301 553 a
313 501 390 555 cunis
402 501 455 555 cite
466 501 632 555 destinamur

487 597 579 651 Praeda
590 597 742 667 sepulchro.

110 778 221 834 Oeeulit
233 795 306 832 mors
318 780 435 843 iusidias,
450 781 497 834 ubi
509 781 554 834 vix

109 873 162 928 Vix
175 874 278 943 opinari
290 883 340 938 est,
355 877 487 945 mpidaeve
498 876 580 931 iebris

43 1003 47 1010 ·
109 974 171 1029 Vim
184 976 360 1044 repentinam,
374 984 423 1030 aut
435 977 505 1031 male
517 976 660 1046 pertinacis

485 1073 595 1126 Semina
606 1072 701 1126 morbi.

109 1266 156 1320 Sin
168 1267 278 1322 brevem
291 1276 383 1337 posset
395 1284 522 1337 superare
534 1269 589 1322 vita

108 1364 277 1427 Terminum,
292 1365 421 1434 quicquid
432 1372 564 1434 superest,
580 1364 701 1418 vacivum

107 1459 178 1515 illud
190 1460 294 1531 ignens
307 1454 438 1530 superest,
454 1469 482 1514 et
494 1461 578 1514 imbe-

480 1557 584 1612 cillibus
597 1557 682 1611 annis.

104 1751 262 1806 Detrahunt
274 1752 391 1807 multum
405 1751 587 1821 minuuntque
599 1753 666 1806 sorti

105 1849 225 1904 Morbidi
237 1856 350 1919 questus
361 1849 534 1919 gemitusque
546 1849 637 1904 anheli
647 1870 654 1910 ς

105 1946 149 2000 Ad
160 1961 254 2016 parem
267 1953 393 2000 crescunt
405 1962 550 1999 numerum
563 1945 675 2014 diesque

481 2044 573 2110 Atque
585 2042 700 2096 dolores.

103 2237 193 2306 Siquis
206 2236 263 2290 hec
275 2235 343 2290 vitet
356 2238 470 2305 (quotus
481 2235 527 2288 ille
539 2233 654 2303 quisque
667 2232 740 2303 esti)

103 2333 139 2388 Et
150 2335 237 2403 gradu
249 2335 387 2402 pergendo
399 2333 532 2386 laborioso

104 2433 148 2486 Ad
160 2439 249 2495 tuum,
262 2431 377 2486 fortasse
389 2441 476 2493 tuum,
491 2436 612 2484 moretur

477 2529 590 2598 lteptilis
602 2545 704 2591 aevum;

106 2727 143 2780 At
154 2727 235 2790 videt,
250 2732 375 2780 mutum
383 2715 436 2778 'tibi
447 2740 521 2792 saepe
534 2725 630 2788 visum,
645 2725 686 2776 in-

100 2821 189 2890 jurias,
205 2823 267 2886 vim,
281 2823 362 2884 furta,
377 2822 462 2884 dolos,
478 2828 506 2875 et
519 2821 590 2874 inso-

103 2920 217 2983 lentiam,
233 2936 287 2990 quo
300 2935 407 2987 semper
420 2925 494 2980 eunt,
510 2917 606 2970 eodem

418 3059 425 3066 .
476 3015 518 3066 Ire
530 3020 634 3064 tenore.
