1982 3422
147 95 199 144 298

371 112 508 147 MEMORIA)
528 109 645 154 ΕΛΟΒΠΗ,
668 110 728 145 ETC.

255 246 286 298 In
302 246 393 300 lucem
407 247 512 314 eripiet,
528 246 654 314 dabitque
665 244 754 307 fama,

255 341 343 394 Annis
356 342 429 411 quod
443 342 544 402 deerat,
560 338 757 407 supersuturae.

253 437 386 491 Nascenti
397 438 471 506 quod
485 444 512 490 et
525 435 660 488 obseravit
672 451 763 494 aures,

252 531 288 586 Et
299 534 398 602 lingua
410 533 504 586 docilis
516 533 627 600 negavit
645 548 726 584 nsum
739 553 747 586 z

251 627 313 682 Hoc
326 639 417 681 rerum
430 628 479 682 tibi
491 627 650 682 consulebat
661 634 760 680 auctor
772 651 778 680 ι

256 725 299 777 Ne
312 742 410 793 purum
424 725 494 778 mala
505 731 601 792 pectus
610 724 766 792 inquinaret

252 819 370 874 Ubertas
384 820 449 881 vitii,
466 827 493 872 et
508 820 591 874 libido
601 819 699 887 culpae;

254 914 415 983 Corruptam
429 915 540 976 scelere,
556 921 584 967 et
596 913 649 966 fide
661 920 803 967 carentem

251 1010 294 1062 Ne
306 1009 380 1062 fraus
392 1015 519 1078 argueret
533 1009 666 1076 dolusque
679 1015 804 1062 mentem
817 1031 825 1063 r

250 1105 289 1158 Ut
301 1122 382 1174 prava
394 1106 453 1159 sine
466 1106 533 1168 labe,
549 1106 693 1174 saculique

249 1201 371 1254 Praesens
384 1201 519 1270 nequitiae,
535 1218 586 1254 neo
598 1201 757 1255 interesses,

250 1296 390 1350 Humanas
403 1313 494 1365 neque
507 1313 550 1350 res
563 1304 591 1350 et
604 1301 724 1350 actiones

250 1392 394 1459 Spectabas
406 1393 506 1454 minua,
522 1399 552 1444 ut
565 1392 609 1445 vel
624 1391 684 1454 hoo,
698 1392 741 1445 vel
754 1392 834 1455 illud,

249 1487 299 1540 Vel
312 1488 459 1556 quidquam
471 1487 579 1556 fugeret
592 1494 670 1540 tuum
684 1504 810 1556 sagacem

252 1583 384 1650 Captum
408 1583 473 1650 quin
487 1583 602 1645 calamis,
620 1591 647 1636 et
661 1585 714 1636 hoc
727 1591 756 1638 et
769 1585 848 1649 illud,

249 1679 415 1746 Expressum
428 1680 457 1730 in
470 1680 574 1733 tabulas
587 1681 677 1733 statim
690 1679 818 1735 referres.

251 1775 412 1842 Quanquam
427 1775 501 1827 nulla
513 1775 561 1826 tibi
574 1776 750 1828 necessitudo

249 1870 320 1923 Cum
331 1869 405 1922 libris
418 1869 487 1928 fuit;
508 1869 535 1920 id
549 1869 672 1936 rependit
684 1887 775 1932 omne,

248 1964 345 2031 (Quod
359 1965 419 2016 vitae
431 1963 541 2030 propius
553 1969 607 2016 tuae
619 1964 760 2032 magisque

249 2060 362 2128 Allnsit)
375 2059 496 2114 studium
510 2059 613 2114 silentis
626 2061 699 2115 artis.

251 2155 353 2208 Maturi
366 2155 433 2208 mihi
445 2155 485 2208 vis
498 2155 583 2208 amica
594 2155 643 2208 lati

250 2252 320 2306 Cum
333 2252 423 2304 lucem
435 2251 493 2304 fere
506 2252 632 2305 clauserit
645 2268 810 2319 supremam,

249 2349 318 2400 Tam
331 2353 432 2408 sancte,
447 2347 558 2414 placide,
574 2347 618 2414 pie
631 2354 767 2415 peractam

247 2445 366 2498 AEtatem
378 2440 430 2494 ohi
452 2443 577 2505 recolam,
593 2444 803 2512 recolligamque

247 2539 335 2606 Turpi
347 2537 460 2590 crimine
472 2543 526 2589 tam
539 2538 634 2604 procul
648 2545 796 2602 remotam

248 2634 311 2685 Non
324 2640 373 2694 est,
389 2633 463 2700 quod
476 2649 588 2700 superos
601 2635 676 2702 prins
688 2632 815 2704 rogarint.
