2002 3400
205 617 405 673 EPILOGUS
427 616 668 676 CANTHARAE.

260 783 298 819 An
311 781 444 820 rnatum
456 782 609 818 ADELPHOS‘

34 968 127 1022 Miser
138 977 293 1037 peroratum
306 970 386 1024 renio
398 969 563 1038 paupercula
574 968 677 1029 nutrix,

71 1065 204 1132 Simplicis
217 1071 245 1119 et
256 1065 368 1120 mundae
380 1065 531 1120 sedulitatis
543 1082 629 1126 anus;

35 1159 168 1224 Moribus,
183 1171 344 1231 omatuqua
359 1163 479 1232 exceptis
492 1162 666 1231 excipiendis,

72 1255 97 1309 A
110 1258 198 1325 capite
210 1259 244 1314 ed
256 1259 356 1314 calcem
373 1258 508 1312 Canthara
519 1274 700 1312 vera-mera.

35 1449 111 1511 Quin
133 1449 207 1511 ades,
230 1465 247 1502 o
269 1451 340 1504 bone
363 1449 492 1512 Fausto*
516 1459 544 1504 et
566 1468 610 1504 me
631 1466 741 1518 quoque
764 1449 837 1517 finge

178 1546 305 1614 puellam,

72 1640 226 1703 Pulchram,
236 1641 361 1705 habilem,
372 1642 532 1696 instructam
540 1641 613 1694 mille
622 1642 728 1709 placere
738 1641 834 1694 modia.

36 1737 135 1790 Lintea
147 1753 212 1790 num
225 1737 333 1790 fluitant
345 1754 361 1790 a
373 1738 475 1791 vertice
486 1737 586 1806 longe?
604 1738 730 1805 capillum

74 1833 149 1886 Num
162 1833 228 1886 mihi
239 1849 423 1901 compressum
438 1834 523 1887 multa
535 1841 674 1902 retorquet
686 1834 770 1888 acus?

37 1931 113 1984 Num
126 1930 238 1984 maculis
251 1931 338 1983 varior
350 1930 496 1999 majoribus
509 1938 590 1998 atque
602 1929 736 1984 minutis?

74 2026 187 2079 Collane
198 2042 365 2080 marmoreos
378 2027 467 2080 nudor
479 2028 513 2080 ad
525 2043 613 2096 usque
626 2027 723 2080 sinus?

36 2122 139 2190 Ampio
152 2122 267 2176 oireuitu
279 2138 309 2175 se
321 2121 445 2176 sublevat
456 2122 704 2191 amphitheatrum?

73 2215 165 2270 Dicite
177 2223 291 2284 septeno
303 2232 370 2270 num
382 2223 435 2272 stat
447 2217 474 2269 in
487 2218 553 2271 orbe
566 2217 659 2286 rigor?

37 2407 77 2460 Ut
90 2422 138 2474 ape
149 2407 280 2459 lactamur
293 2405 405 2460 vetule!
426 2407 462 2460 nil
477 2407 581 2475 virgula
592 2409 710 2478 prodest,

75 2501 121 2554 Nil
133 2508 249 2569 prosunt
260 2509 340 2562 artes,
356 2503 477 2570 improbe
491 2503 599 2564 Fauste,
614 2510 676 2555 tue.

38 2596 175 2650 Canthara
186 2596 283 2657 adhuc,
298 2598 392 2650 eadem
404 2613 465 2651 sum
480 2597 631 2651 Canthara:
652 2599 719 2651 vitta
730 2600 839 2666 tegebat
911 2671 913 2674 Ι

74 2691 175 2753 Canon,
190 2697 218 2744 et
230 2708 311 2745 canoa
324 2708 398 2745 nuno
410 2708 519 2761 quoque
532 2694 599 2746 vitta
610 2694 686 2762 tegit.

39 2787 128 2840 Lenta
139 2785 208 2840 mihi
219 2786 320 2853 pendet
332 2787 423 2848 vestis,
438 2802 497 2854 quae
506 2787 580 2840 lenta
591 2788 718 2854 pependit
728 2808 734 2848 ;

72 2881 110 2935 Et
121 2881 203 2950 pepla
214 2879 271 2947 ipsa
283 2880 386 2942 eadem,
401 2898 460 2949 quae
472 2881 597 2945 rubuere,
613 2883 720 2936 rubent.

176 3042 191 3072 θ
211 3039 334 3102 Magicam
346 3041 432 3089 Fausti
444 3040 565 3103 virgulam
576 3041 696 3104 intellige.
