1986 3398
366 584 590 638 THESTYLlS
612 584 758 646 COQUA.

163 757 262 818 Auum,
277 755 435 826 serpyllum,
452 763 597 824 rutamque
610 763 638 809 et
650 757 745 810 sectile
756 772 866 824 porrum
979 743 980 746 ¹

198 851 346 920 Thestylis,
362 859 390 903 et
402 851 480 919 panis
490 850 608 904 frustula
620 852 688 905 dura
700 852 803 920 coquit.

160 947 176 1000 J
180 948 327 1016 osculaque
340 955 371 1001 ut
382 952 466 1016 gustu
479 947 585 1014 capiant
598 947 709 1000 meliore
721 948 849 1015 palatum,

198 1045 323 1099 Immittit
334 1045 410 1099 salsae
421 1045 532 1113 pinguia
542 1052 619 1112 terga
630 1045 696 1097 suis.

163 1142 292 1196 Rusticus
304 1142 368 1196 hinc
380 1143 551 1196 stomachum
563 1142 693 1210 lenitque,
709 1149 738 1195 et
749 1148 854 1195 recreat
864 1149 948 1196 artust

199 1239 271 1292 Hinc
285 1240 367 1293 corde
380 1239 484 1293 exultat
497 1255 609 1299 messor,
625 1245 652 1292 et
665 1255 713 1291 ore
725 1238 804 1291 nitet.

164 1333 189 1388 0
201 1333 293 1388 labor!
314 1351 331 1388 o
343 1333 443 1388 sudori
463 1334 550 1387 dulcis
562 1333 687 1387 conditor
699 1331 834 1402 uterque!

199 1430 342 1500 Egregium
354 1431 441 1485 tacitis
455 1430 600 1501 Thestylin
614 1448 674 1485 esse
686 1447 811 1498 coquam.

355 1920 477 1974 Rosa:
500 1921 554 1974 AD
576 1920 775 1974 STELLAM.

164 2088 291 2141 Drurcrm
300 2087 444 2156 juvenum,
460 2088 641 2157 nympharum
654 2088 786 2141 hodierna
798 2087 930 2156 voluptas,

81 2190 91 2198 '
200 2183 274 2238 Ecce
286 2201 326 2245 ea,
340 2200 395 2252 quo
408 2185 512 2246 rubeat,
530 2183 621 2244 Stella,
636 2185 735 2236 rubore
750 2181 841 2236 Rosa!

165 2279 257 2342 Stella,
273 2280 335 2333 vide
347 2288 480 2349 quantum
493 2279 564 2332 loliis
577 2279 716 2332 suffundat
728 2278 880 2332 honorem!

200 2376 326 2444 Explicet
339 2377 372 2429 ad
385 2376 471 2429 solem
484 2391 606 2443 purpura
617 2375 696 2443 quale
709 2374 812 2428 deensi

166 2473 240 2536 Grac,
257 2473 348 2534 Stella,
364 2473 519 2540 exemplum
532 2472 651 2541 pulchris
663 2471 844 2542 lacrymabile,
857 2471 962 2525 eandem
977 2467 978 2486 ¹

203 2575 343 2632 mentem,
357 2568 481 2630 laceram,
496 2567 706 2636 pallidulamque
718 2567 788 2619 vide.

167 2665 258 2726 Stella,
274 2663 356 2717 Rosae
369 2663 497 2716 miserere
508 2684 514 2723 ;
536 2670 564 2715 et
577 2664 642 2715 dum
655 2662 792 2721 miserere,
808 2669 951 2720 memento,

203 2761 284 2822 Quod
297 2760 386 2812 brevis
399 2766 440 2811 cst
453 2759 508 2818 uvi¹
524 2759 596 2826 quod
611 2765 658 2810 tua
670 2756 756 2809 lorma
770 2755 844 2808 Rosa
857 2764 908 2810 est.
