1986 3398
406 161 456 218 i73

60 443 107 496 lN
129 443 373 498 FENESTRAM
393 445 795 499 SEPTENTRIONALEM

129 555 226 607 FANl
251 553 729 612 WESTMONASTERIENSIS.

157 691 172 713 ‘¹
184 688 428 746 --—Renascentur‚
441 705 495 752 quae
501 692 552 751 jam
565 692 700 739 cecidere.”

23 838 186 895 Aurruunu
202 837 276 890 Petri
287 855 347 907 quae
358 840 472 907 pulchre
484 841 618 894 illuminat
630 843 723 903 aedem,

59 932 206 986 Artificem
219 933 341 1001 agnoscit
352 935 424 1001 picta
436 934 555 988 fenestra
567 952 687 989 manum.

23 1028 156 1082 Circulus
168 1028 279 1082 illustris
292 1046 398 1082 summa
413 1031 577 1099 splendescit
590 1033 618 1084 in
631 1049 686 1092 ora,

57 1124 151 1177 Divus
163 1124 312 1192 apostolici,
328 1142 391 1178 cum
404 1127 483 1188 duce,
499 1127 614 1196 quisque
627 1128 712 1181 chori.

23 1217 158 1274 Coelestes
170 1219 244 1273 intus
255 1220 346 1281 iacies,
362 1223 510 1291 vultusque
522 1223 649 1276 videntur

60 1315 186 1382 Aligeriz
205 1315 233 1366 in
246 1316 335 1368 medio
348 1316 429 1369 biblia
441 1334 515 1370 sacra
527 1325 630 1386 patent.

25 1411 118 1471 Quam
128 1412 200 1465 bene
208 1411 365 1471 miscentur,
379 1429 488 1481 suaper
500 1415 560 1467 loca
572 1397 695 1483 quisque,
708 1415 829 1470 colores!

59 1508 154 1568 Quam
166 1509 237 1561 bene
248 1509 405 1570 caeruleum,
420 1523 644 1577 purpureumque
656 1509 739 1563 decus
751 1508 757 1562 l

25 1603 117 1664 Quam
130 1604 224 1656 lumen
237 1604 358 1666 solenne,
374 1611 402 1656 et
413 1620 494 1672 quam
507 1605 669 1658 venerabilis
680 1606 792 1658 umbra!

58 1700 237 1768 Spectantem
250 1708 281 1753 ut
294 1708 398 1754 recreat
410 1701 503 1754 lumen
515 1699 521 1754 l
543 1708 574 1754 ut
587 1702 683 1755 umbra
691 1701 785 1772 juvati

25 1797 95 1857 Quae
106 1813 184 1865 paene
197 1796 300 1850 interiit
312 1797 409 1866 longos
421 1797 527 1864 pictura
538 1814 586 1865 per
598 1815 693 1860 annos,

59 1893 156 1946 illuxit
169 1893 261 1947 bibulo
270 1893 326 1962 jam
341 1893 461 1946 rediviva
472 1894 559 1948 vitro:

22 1991 140 2059 Jamque
152 2007 248 2044 recens
259 1990 367 2052 iterum,
379 1991 436 2058 jam
449 1997 542 2044 nostra
554 1998 632 2044 aetate
644 1992 740 2045 revixit

59 2087 176 2150 Clarius,
190 2088 307 2155 antique
318 2087 405 2140 laudis
418 2093 446 2140 et
458 2087 613 2160 artisopus.

170 2339 420 2393 ALEXANDER
441 2339 493 2393 ΕΤ
516 2338 683 2426 XERXES.

25 2496 100 2548 uren
123 2493 247 2558 Macedo,
262 2495 313 2549 sibi
324 2502 414 2549 totum
427 2495 474 2549 ubi
486 2495 667 2549 debellaverat
679 2495 788 2556 orbem,

58 2591 208 2659 indignans
220 2591 302 2644 armis
314 2592 352 2644 nil
364 2607 508 2660 superesse
520 2591 594 2645 suis:

26 2686 84 2739 Flet
99 2686 214 2748 Xerxes,
230 2688 305 2755 quod
317 2703 398 2740 nemo
410 2687 467 2741 suis
479 2689 514 2741 de
526 2687 652 2750 millibus,
668 2693 730 2740 aetas

61 2782 187 2835 Proxima
200 2799 261 2835 cum
276 2783 375 2845 veniet,
390 2800 472 2837 nemo
485 2791 622 2852 superstes
635 2784 693 2836 erit.

29 2878 96 2931 Nolo
110 2886 179 2939 tuns,
198 2879 320 2938 Macedo,
336 2880 483 2950 lacrymas:
504 2899 555 2949 ego
568 2882 649 2934 laudo
663 2880 784 2935 dolorem

62 2975 238 3035 Humanum
260 2983 287 3028 et
300 2982 400 3038 tecum,
418 2976 507 3037 Persa,
524 2977 616 3030 dolere
629 2977 700 3029 volo.

674 3090 690 3128 Q
704 3076 720 3122 3
