1994 3398
250 153 398 191 nsnrcsrro
418 154 454 190 sn
474 153 576 190 suoru.
772 140 822 190 119

26 291 121 345 Clausa
132 291 197 345 licet
209 297 294 345 terras
306 292 397 360 spatiis
410 292 585 355 brevioribus,
601 293 695 354 udum,

27 387 87 447 Qus
97 393 199 455 pontus
210 393 286 455 patet
297 402 386 456 usque
397 389 491 442 umbos
503 395 645 456 porrectus
656 390 690 442 sd
704 389 795 450 Indos,

26 483 153 538 Vendieat
165 483 324 552 imperium:
347 499 399 538 neo
410 484 517 552 passim,
533 491 564 538 ut
578 483 674 547 Roma,
689 484 787 553 rupinis

28 579 122 634 Omnia
134 580 274 642 divexans,
287 579 368 633 armis
380 596 430 634 sus
440 578 513 634 furto
525 586 626 640 tuetur,

29 677 123 732 Audax
134 678 281 747 grassatrix
292 700 299 739 ς
320 677 370 732 sed
381 678 458 732 cultu
471 677 561 732 divitis
573 678 631 732 ervi

28 771 186 836 Promotus,
201 773 344 842 peregrino
356 789 431 836 euro.
446 773 560 842 telaeque
576 773 681 828 lubores

29 869 114 925 Mutet
125 869 245 934 lsniflcae,
260 871 359 926 vestire
372 877 400 925 et
412 878 629 940 posceregentes

29 967 102 1022 Laets
112 968 206 1038 magis,
221 984 302 1038 quem
315 969 343 1023 vi
354 969 466 1032 nudare,
481 976 510 1023 et
521 971 635 1038 perdere
646 969 727 1024 ferro.

61 1160 129 1214 Esto
140 1161 198 1222 tibi,
213 1179 230 1215 u
242 1162 373 1216 libertatis
389 1162 571 1231 pulcherrime
583 1163 670 1226 sedes,

31 1256 90 1310 Sors
102 1258 205 1320 melior,
221 1259 326 1314 nescire
338 1272 366 1313 et
377 1259 432 1314 ists
444 1267 472 1314 et
484 1260 596 1314 erimina
614 1260 715 1322 Romae,

32 1352 78 1405 Cui
88 1353 210 1407 studiosa
221 1355 320 1422 dapum
333 1355 480 1418 inventrix.
495 1364 523 1412 et
535 1357 647 1426 prodige
658 1373 758 1410 mensae

32 1447 169 1512 Luxuries,
185 1457 213 1503 et
226 1450 303 1519 copie
314 1451 394 1514 iners,
410 1452 525 1521 visuque
536 1452 618 1507 libido
649 1521 652 1526 ἡ

33 1543 166 1608 Obsooenr,
180 1545 328 1599 intantum
341 1562 439 1600 nervos
450 1547 609 1617 animosque
622 1548 740 1611 resolvit,

33 1637 152 1709 Degener
164 1648 196 1694 ut
207 1657 318 1710 prorsus
330 1659 446 1706 morum,
459 1643 638 1713 iucundeque
650 1645 743 1714 eulpae,

34 1735 135 1790 Servitii
145 1738 263 1806 pretioso
275 1739 399 1807 emptrix,
414 1739 576 1810 plebemque
587 1748 731 1811 putresque

35 1831 168 1902 Corrupto,
184 1840 212 1887 et
224 1835 326 1888 discors
338 1836 426 1899 ermis,
442 1843 470 1889 et
481 1837 586 1905 perdite
597 1837 674 1901 luxu,

36 1925 167 1982 torruerit
180 1929 276 1983 victrix
288 1930 368 1992 urbis,
384 1947 530 2000 rerumque
543 1933 636 2002 potita.

66 2119 89 2174 0
100 2120 195 2190 poteri
220 2139 238 2175 o
250 2121 389 2192 princeps!
413 2140 463 2178 nec
475 2123 576 2178 frustra
587 2133 696 2181 assuete
708 2128 813 2181 vocari:

38 2215 110 2282 Audi,
124 2220 293 2274 obtestemur
305 2220 528 2292 majestatemque
539 2223 676 2292 fidemque

37 2310 218 2387 virtutemque
229 2324 314 2380 tuam,
329 2319 463 2388 nobisque
474 2327 567 2374 averte
579 2320 711 2374 melorum

37 2409 107 2466 Hune
117 2413 232 2476 faeiem
252 2415 310 2484 ipse
322 2403 389 2469 adeo
401 2417 497 2484 procul
508 2417 661 2472 ambitionis
673 2419 707 2474 eb
719 2427 807 2482 oestro,

38 2506 70 2561 Ut
81 2509 128 2564 tibi
140 2511 185 2564 vix
197 2511 266 2565 solvi
278 2512 389 2566 meritos
400 2513 509 2581 patiaris
521 2515 647 2569 honores.

37 2603 141 2673 lnjustis
152 2607 197 2662 alii
209 2625 287 2678 reges
300 2609 476 2664 dominentur
488 2612 516 2664 in
528 2612 616 2674 ermis,

39 2701 108 2760 Quos
118 2711 166 2758 sut
178 2705 257 2758 credis
269 2721 352 2768 amor,
367 2705 478 2762 ssmaeve
490 2708 585 2762 inssns
596 2709 695 2777 cupido

38 2796 138 2868 imperii
147 2801 217 2856 fines
229 2801 283 2856 lute
295 2803 402 2872 signare
413 2804 492 2858 ruina

39 2892 147 2964 Impulit,
161 2905 190 2952 et
201 2900 281 2954 vacui
293 2900 400 2955 deserta
410 2902 561 2955 extendere
573 2901 666 2969 regni:

39 2989 82 3046 He
92 2995 140 3050 tibi
151 3005 216 3051 sunt
229 3005 309 3060 artes,
325 2998 391 3052 eoelo
404 2997 439 3052 oi
460 2998 596 3050 carissime
608 2997 743 3065 princeps.
