2002 3400
137 123 190 174 290
332 138 445 174 nonnul!
465 138 568 176 TU'HOB
587 140 650 176 8888
670 141 750 178 Dolss.

140 279 269 348 imposito
282 280 390 334 cohibet
402 281 486 348 digito
497 302 504 341 ;
525 281 632 334 fumosa
643 282 756 350 liquoris

139 375 185 428 Via
197 382 288 428 tamen
300 376 430 438 ascendit,
446 393 530 444 aeque
543 377 691 445 eJaculatur
704 378 732 431 in
744 394 834 430 auras.

139 472 213 526 Tum
224 471 296 525 facili
308 473 404 525 dextra
416 479 444 524 et
456 479 536 525 cauta
548 487 629 540 quam
641 472 739 527 leniter
751 480 812 527 arte

141 569 261 623 Admota
273 568 392 622 infundit
405 568 498 629 calici3
518 569 659 623 subsidere
672 571 750 638 eoepit

139 663 272 718 Paulatim
285 679 388 732 spuma,
403 670 431 716 et
443 663 582 732 proprium
595 663 640 717 dat
653 680 738 732 vappa
749 666 883 720 colorem.

254 886 373 940 lNEST
394 886 470 940 SUA
493 885 650 939 GRATIA
671 885 828 942 PARVIS.

142 1032 291 1084 Bantanon
302 1032 368 1086 lurit
380 1033 485 1101 exiguis
499 1031 643 1102 Pygmaeus
655 1032 683 1084 in
695 1033 787 1092 armis,

177 1128 213 1181 Et
226 1128 304 1182 tenui
315 1127 427 1182 infestas
440 1128 552 1197 cuspide
564 1128 621 1196 figit
634 1145 706 1181 aves.

143 1225 276 1280 Securum
288 1231 380 1278 tamen
392 1225 467 1278 hunc
480 1231 588 1293 praestat
600 1227 739 1278 eontracta
750 1224 851 1293 figura,

178 1320 233 1375 Seu
246 1336 305 1373 sors
317 1320 429 1374 adversa
441 1327 491 1382 eat,
506 1320 564 1373 sive
576 1319 696 1372 secunda
706 1318 789 1372 iavet.

143 1417 168 1470 It
180 1416 251 1470 lama
261 1417 296 1470 ed
308 1417 412 1478 celum,
426 1416 450 1469 si
462 1416 548 1470 vietor
560 1417 593 1468 ab
605 1415 685 1468 hoste
698 1416 827 1475 recedat;

180 1511 209 1566 Si
220 1528 286 1574 non,
300 1512 334 1565 ad
347 1511 442 1565 calum
454 1510 541 1564 lemur
553 1510 581 1562 in
594 1526 643 1563 ore
654 1509 736 1578 gruis.

181 1744 351 1801 MAGNAS
371 1742 580 1798 TERRITAT
600 1741 728 1796 URBES
748 1740 911 1796 RUMOR.

145 1885 250 1938 Rumon
265 1884 452 1938 Alexandrum
465 1901 529 1938 eum
543 1885 641 1938 detulit
654 1901 713 1938 esse
725 1883 927 1951 propinquum,

181 1981 322 2035 Finitimos
335 1981 429 2049 implet
441 1988 528 2034 terror
541 1981 641 2048 ubique
652 1981 736 2033 locos.

145 2077 270 2130 Exorant
281 2076 326 2130 ulii
337 2092 486 2146 pacemque
499 2083 526 2129 et
538 2075 654 2134 ioedera;
675 2081 772 2142 sponte

184 2172 365 2227 Summittunt
377 2171 421 2224 alii
433 2170 541 2225 subdita
552 2169 622 2223 colla
630 2169 707 2238 jugo.

148 2274 237 2334 Quam
248 2271 328 2332 bene,
345 2268 450 2330 Pellaee,
466 2265 617 2336 exuperasl
636 2282 699 2318 nam
712 2280 776 2318 cum
789 2263 841 2318 tibi
857 2266 956 2320 laurus

182 2369 258 2422 Dant
269 2366 376 2428 famam,
391 2365 482 2418 lauros
495 2365 540 2417 dat
552 2362 602 2417 tibi
612 2361 684 2415 fama
696 2376 788 2413 novas.

251 2565 422 2624 POTERIS
443 2565 599 2620 TUTIOR
618 2562 712 2618 ESSE
733 2560 852 2615 DOMI.

149 2717 218 2768 Duu
232 2720 317 2767 mater
329 2713 428 2765 metuit
441 2713 522 2780 virga
534 2728 570 2764 ne
582 2711 696 2764 verbera
705 2709 813 2770 lauant,

185 2807 247 2872 Ipsa
258 2806 332 2857 domi
343 2821 459 2872 puerum
471 2811 569 2867 servat,
585 2811 612 2857 et
624 2804 682 2871 ipsa
694 2805 782 2856 docet.

149 2901 211 2964 lpsa
223 2899 291 2948 doce
301 2914 426 2963 puerum,
440 2889 527 2952 mater
538 2906 593 2951 tam
605 2899 742 2962 blandula,
756 2899 847 2967 possit

186 2989 277 3038 Tutus
290 2993 321 3036 ut
333 3003 393 3039 ease
405 2991 486 3051 domi,
502 2994 603 3045 stultus
616 3000 643 3045 et
656 3009 718 3058 esse
729 2993 806 3047 ioris.
993 3031 994 3060 i
