2002 3400
389 160 441 215 279

168 283 370 340 EPlLOGUS
389 285 658 349 AErffloplssm,

226 406 263 442 ΑΒ
283 405 417 441 nuatum
437 405 604 442 EUNUCHUM.

16 494 197 546 Oneaoaaruu
212 495 239 546 in
252 511 343 556 sexus,
359 500 448 546 statua
461 494 618 548 taciturnior
631 494 687 562 ipsa
695 515 703 554 ;

52 589 89 642 Et
100 607 148 657 pro
160 607 276 660 persona
288 591 413 645 dramatis
427 592 521 644 umbra
532 590 581 644 lui.

15 685 60 738 Sic
73 693 165 739 auctor
178 687 274 747 voluit,
289 688 328 741 sio
345 687 417 741 Afrae
429 688 502 741 haud
515 688 645 740 candidus
661 686 743 747 Men

53 782 141 842 Quam
153 798 209 835 non
222 782 389 837 humanum!
410 800 491 852 quam
504 783 634 852 populare
645 779 758 851 paruml

17 877 92 938 Quin
104 879 212 932 tandem
224 882 373 934 adventum
386 881 470 942 vobis.
485 880 583 934 festiva
595 896 702 941 corona,

51 973 114 1040 Ipsa
125 975 192 1028 meis
206 977 295 1030 verbis
306 977 437 1044 gratulor,
452 992 499 1030 ore
512 992 583 1030 meo.

15 1067 173 1136 Spectatum
187 1071 282 1124 venio:
303 1072 437 1140 venioque
450 1079 481 1124 ut
493 1078 599 1138 spectet
613 1077 640 1123 et
652 1070 724 1138 ipsas

55 1164 106 1219 Est
119 1167 198 1219 etiam
211 1167 239 1220 in
252 1175 345 1222 nostro
358 1168 444 1222 multa
456 1169 547 1222 colore
562 1167 638 1221 fldes.

14 1267 66 1320 Est
78 1281 138 1318 inea
151 1265 187 1332 (si
198 1281 252 1332 qua
263 1265 329 1318 mihi
341 1268 395 1332 est)
410 1265 469 1318 sine
484 1264 557 1326 suco,
571 1264 674 1326 fraude,
690 1263 734 1317 vel
748 1271 815 1325 arte,

51 1361 151 1414 Nescia
162 1360 261 1414 mutari
272 1360 367 1423 forma,
383 1361 480 1428 suique
492 1368 583 1413 tenax.
604 1408 605 1411 ,

15 1457 171 1526 Unguentis
184 1465 247 1511 utor
259 1457 349 1521 nullis,
364 1458 543 1512 medicamine
556 1458 649 1518 nullm

52 1553 127 1614 Quid
135 1553 223 1622 juvet,
238 1554 343 1623 ignoro,
360 1553 446 1622 Regia
457 1554 545 1607 mellis
560 1569 638 1622 aqua.

16 1649 76 1702 Nec
89 1649 199 1702 maculis
212 1648 317 1704 stellata
329 1648 373 1702 hic
385 1650 569 1718 interspergor
581 1654 608 1702 et
621 1649 691 1708 illio;

50 1745 115 1799 Non
129 1746 254 1814 equidem
266 1747 343 1814 nigra
354 1746 455 1814 nigrior
468 1763 528 1800 esse
542 1746 631 1798 velim.

15 1843 96 1896 Lotio
109 1844 167 1896 sola
179 1843 244 1898 mihi
257 1850 299 1898 est
311 1844 345 1896 de
357 1859 425 1912 pura
437 1850 465 1897 et
477 1842 598 1910 simplice
609 1841 721 1912 lympha
731 1863 738 1903 ς

50 1939 87 1992 Et
100 1956 204 2001 vereor,
219 1955 301 2008 quam
313 1940 348 1992 sit
360 1955 447 1993 vanus
459 1945 487 1992 et
499 1939 551 1993 iste
562 1939 646 1992 labor.

16 2035 53 2087 At
66 2034 140 2088 nivei
152 2035 218 2088 mihi
230 2042 302 2098 sunt,
317 2035 382 2103 paeti
394 2036 453 2089 sine
465 2035 585 2103 pulvere,
601 2035 714 2094 dentes;

51 2131 141 2192 Quale
154 2149 205 2184 nec
220 2132 351 2185 Indorum
364 2133 458 2200 purius
470 2132 542 2184 albet
553 2132 630 2184 ebur.

15 2225 156 2281 Sideribus
168 2227 269 2281 similes
280 2227 386 2295 fulgere
399 2227 495 2281 videtis
509 2227 618 2288 ocellos,

51 2323 212 2391 Angliacam
226 2329 337 2390 possent
349 2323 396 2391 qui
408 2324 536 2376 decorare
548 2337 657 2375 nurum.

15 2419 161 2473 Mollitiem
174 2419 253 2488 talpae
266 2425 394 2488 superant
406 2435 468 2473 mea
479 2420 567 2472 labra:
588 2418 657 2487 quis,
672 2417 765 2486 ecquis

49 2515 276 2583 Libabit-ouam
289 2523 354 2569 sunt
366 2517 459 2569 oscula
470 2514 629 2569 mollicula?

15 2609 79 2664 llaee
92 2627 146 2679 ego
157 2611 269 2664 liberius
280 2634 288 2672 ς
308 2612 357 2664 sed
370 2612 452 2672 salvo,
468 2617 499 2664 ut
511 2627 599 2679 spero,
614 2609 736 2677 pudorez

50 2707 171 2760 Cernitis
183 2707 319 2775 ingenuus
333 2707 420 2776 signat
433 2715 464 2760 nt
477 2724 525 2760 ora
540 2703 639 2760 rubor!

16 2801 61 2854 Sin
74 2802 168 2856 minus
181 2802 325 2866 oblectem,
340 2809 382 2856 tot
392 2804 515 2856 flammas
527 2802 598 2855 inter
612 2808 639 2855 et
651 2802 728 2870 ignes
739 2822 746 2862 ;

47 2899 162 2968 (Usque
175 2900 244 2953 adeo
258 2907 299 2952 est
313 2905 413 2952 nostrae
424 2899 473 2953 lux
485 2898 595 2951 inimica
606 2897 675 2964 cuti)

18 2993 42 3046 Si
54 2996 154 3063 placet,
171 2996 294 3066 extingui
305 3003 412 3052 tantum
425 2985 553 3048 mandate
565 2994 706 3052 lucernas;

50 3091 183 3146 Protinus
196 3093 223 3147 in
236 3093 355 3148 tenebris
367 3093 451 3147 altera
465 3090 549 3146 Thais
562 3107 617 3143 ero.
