2002 3400
196 143 281 184 sonus
300 143 481 183 raoracarus
501 147 551 182 raa
571 149 675 184 aaran.
784 134 834 187 261

39 284 135 358 Frigus
147 289 269 351 humum,
284 291 431 359 rapidoque
444 292 550 344 ruentia
561 291 672 344 flumina
684 308 766 345 cursu

41 383 71 436 ln
84 385 194 438 solidam
208 387 289 438 vertit
301 385 422 453 glaciem,
438 393 465 438 et
479 387 611 451 (mirabile
624 388 699 440 dictu
709 386 729 455 l)

41 480 119 533 Aeris
131 480 158 531 in
171 497 300 546 magnum
313 481 387 532 saevit
399 497 488 540 marea
511 481 591 534 molle
602 481 736 534 fluentum

39 572 73 626 Vi
85 575 193 628 cohibet
206 576 290 628 multa
302 592 350 642 per
361 591 458 643 parvos
470 576 566 628 bruma
578 583 684 628 meatus

39 671 139 733 Didita,
154 689 205 724 nec
217 672 343 742 Zephyro
356 672 456 739 impelli
468 673 519 725 scit
532 673 637 726 mobilis
649 673 756 725 humor.

76 766 148 819 Hinc
161 783 215 820 non
230 775 271 820 est
283 767 408 820 tremulae
421 767 481 820 voci
494 768 536 820 via
548 767 638 830 libera,
653 775 680 821 at
693 769 749 836 ipsa

38 859 129 915 Verba
139 862 202 929 gelu
215 861 325 922 sraenat;
347 863 394 915 nix
406 862 461 914 acri
472 862 581 916 astricta
593 863 690 930 pruina

40 957 115 1010 Cana
127 958 225 1010 cadens
239 957 343 1024 premit,
360 964 387 1010 et
400 957 501 1010 circum
515 958 636 1026 undique
648 958 708 1010 susa
720 966 839 1012 coercet,

39 1055 166 1120 Namque
178 1054 226 1106 ubi
237 1070 285 1122 per
297 1055 409 1121 patulas,
424 1054 495 1107 facili
503 1056 559 1123 jam
572 1055 688 1117 tramite,
702 1054 795 1108 fauces

38 1149 118 1202 Rasit
129 1149 180 1202 iter
192 1149 325 1217 liquidum
338 1167 431 1212 sonus,
447 1150 501 1203 oris
513 1151 637 1218 protinus
650 1151 732 1204 haeret

38 1245 212 1300 Vestibulum
225 1252 288 1300 ante
297 1247 395 1314 ipsum,
406 1254 434 1299 et
446 1246 581 1300 labrorum
592 1248 619 1301 in
629 1248 723 1302 limine
735 1249 822 1317 primo

39 1343 134 1403 Sistit,
154 1358 204 1396 nec
218 1343 335 1410 reperire
347 1343 425 1405 viam,
441 1351 523 1412 atque
538 1345 671 1412 attingere
684 1351 769 1398 metas

39 1439 155 1507 Optatus
167 1439 238 1506 potis
251 1446 300 1501 est,
316 1446 343 1492 et
351 1439 408 1508 jam
420 1439 565 1494 frustratur
582 1441 696 1494 hiantes.

39 1533 137 1602 Usque
149 1534 217 1587 adeo
229 1535 343 1602 inceptis
355 1534 526 1588 sermonibus
539 1535 630 1587 invida
641 1535 657 1588 J
660 1552 716 1588 uno

39 1631 140 1684 Obstat
150 1650 158 1690 a
177 1646 291 1698 quaque
302 1630 403 1698 loquax
415 1631 502 1692 nimis,
518 1630 616 1683 ethera
627 1631 724 1698 saepius
736 1630 830 1698 implet

39 1727 124 1788 Voce,
139 1734 236 1796 potens
249 1729 337 1794 ipsum
349 1727 442 1796 lingua
454 1743 581 1795 superare
593 1733 742 1789 tonantem,

38 1823 103 1875 Nec
115 1821 210 1874 missas
222 1822 315 1875 audire
327 1822 392 1875 sinit
404 1838 456 1875 nec
468 1823 582 1876 reddere
594 1838 684 1876 voces

78 1918 143 1970 Non
156 1925 246 1970 tamen
259 1918 300 1971 hae
313 1919 410 1987 rapidis
423 1919 537 1971 volitant
549 1919 664 1972 ludibria
675 1920 764 1973 ventis

37 2013 179 2080 Dispersa
190 2020 295 2066 temere
307 2013 333 2065 in
347 2013 419 2076 caelo,
435 2031 526 2082 neque
537 2013 633 2082 frigida
644 2014 745 2068 formas

38 2111 205 2177 Tempestas
217 2110 313 2163 miscet
324 2116 439 2173 teneras,
455 2112 601 2164 turbantve
612 2111 751 2179 procellae:

36 2207 149 2260 Densat
161 2206 255 2268 hiems,
270 2207 413 2275 solidoque
425 2223 507 2274 super
520 2207 661 2260 duramine
674 2209 768 2261 vincit.

76 2301 153 2368 Ergo
166 2317 235 2354 vana
246 2301 339 2354 ferunt
349 2319 448 2356 vocum
461 2303 603 2356 simulacra
616 2303 706 2371 vagari

37 2399 124 2452 Aeris
136 2398 164 2450 in
178 2397 278 2466 campis
291 2399 359 2461 latis,
375 2398 558 2467 defunctaque
570 2400 626 2452 vita

38 2494 204 2552 Murmura
225 2493 310 2546 multa
322 2493 394 2546 cavis
407 2493 501 2562 quaerit
518 2510 547 2546 se
559 2495 678 2546 condere
690 2494 772 2547 sacris

37 2589 147 2644 Umbra
158 2589 329 2657 querelarum
341 2610 347 2648 ;
368 2595 432 2642 sunt
446 2595 473 2641 et
485 2605 535 2641 sua
546 2604 616 2655 saepe
628 2589 765 2642 cachinnis

36 2687 164 2754 Spectra,
179 2700 299 2752 suosque
310 2685 366 2752 pati
377 2684 448 2736 sama
460 2691 501 2737 est
513 2684 627 2751 suspiria
638 2701 740 2737 manes.

38 2779 188 2846 Multaque
200 2785 328 2846 praeterea
341 2779 475 2832 variorum
490 2785 610 2832 monstra
622 2795 752 2832 sonorum

35 2875 219 2936 Discurrunt,
234 2882 379 2942 errantque
390 2892 461 2928 cavae
472 2876 523 2928 sub
535 2875 652 2944 imagine
663 2876 772 2936 formae;

34 2971 140 3026 Donec
153 2985 219 3025 vere
231 2986 303 3025 novo
315 2977 403 3024 tereus
417 2969 465 3024 Sol
475 2969 579 3024 lumine
591 2971 701 3033 mulcet,
