1994 3398
265 636 444 692 DENNERI
467 639 602 693 ANUS.*

34 867 157 922 llccumu
170 883 238 921 unus
252 867 389 930 artificem,
402 868 477 937 juste
489 866 630 928 celebrate,
645 865 752 927 fatetur,

69 964 205 1017 Duuuem
217 964 304 1033 pinxit
317 981 397 1033 quem
410 963 531 1018 studiosa
542 979 650 1016 manus,

36 1061 96 1114 Nec
108 1067 205 1129 stupor
217 1067 259 1115 est
271 1061 364 1124 oculis,
378 1061 462 1114 fronti
474 1077 525 1114 nec
539 1076 607 1129 ruga
618 1075 728 1120 severa;

72 1157 197 1211 Fleccide
209 1173 259 1211 nec
271 1157 353 1212 sulcis
362 1157 465 1226 pendet
477 1157 606 1226 utrinque
617 1173 695 1225 gene.

37 1255 84 1309 Nil
94 1255 178 1308 hebet
187 1254 336 1324 illepidum,
351 1271 497 1318 morosum,
513 1263 560 1309 aut
572 1255 650 1308 triste
662 1255 775 1315 tabelle;

73 1353 228 1421 Argentum
238 1351 331 1420 capitis
341 1359 444 1420 preter,
457 1352 529 1406 anile
541 1352 616 1406 nihil.

40 1450 180 1519 Apparent
192 1449 264 1503 nivei
276 1450 348 1503 vittae
359 1452 410 1504 sub
423 1451 543 1519 margine
556 1451 623 1512 cani,

73 1547 131 1600 Fila
143 1547 256 1601 colorati
267 1539 356 1617 qualia
369 1548 449 1602 Seres
461 1547 570 1600 habent.

41 1643 154 1713 Lanugo
167 1650 299 1706 mentum,
311 1644 358 1698 sed
369 1660 427 1713 quae
440 1643 606 1706 tenuissima,
621 1643 718 1704 vestit3

75 1740 231 1810 Mollisque‚
246 1749 273 1794 et
286 1741 371 1810 qualis
384 1740 493 1794 Persica
504 1741 573 1795 male
585 1741 660 1810 tegit.

42 1837 123 1891 Nulla
134 1837 179 1890 vel
192 1853 207 1890 e
219 1836 337 1890 minimis
348 1836 458 1906 lugiunt
470 1837 603 1904 spiracula
615 1838 701 1890 visum
713 1859 719 1897 ;

76 1937 115 1988 At
126 1950 218 2002 neque
229 1933 336 1986 lineolis
348 1934 383 1986 de
395 1933 465 1986 cutis
478 1933 533 1986 ulle
544 1932 618 1986 latet.

42 2030 199 2098 Spectatum
211 2029 334 2091 veniunt,
352 2029 457 2082 novitas
469 2046 538 2099 quoe
551 2029 633 2082 allicit
645 2047 766 2099 usquam,

78 2126 211 2194 Quosque
224 2126 267 2178 vel
278 2126 381 2195 ingenii
393 2126 471 2188 lame,
486 2127 530 2179 vel
543 2127 607 2180 artis
619 2143 702 2180 amor.

45 2223 202 2276 Adveuiuut
210 2221 343 2292 juvenem
364 2229 399 2284 et,
414 2239 483 2276 unus
494 2223 517 2275 si
530 2223 613 2291 possit
625 2225 714 2286 amari,

78 2319 226 2381 Dnuuucc,
240 2328 392 2387 agnoscunt
404 2320 456 2374 hoc
469 2320 697 2398 meruissetuem.

47 2416 203 2470 Adveniunt
216 2415 313 2470 hilares
325 2417 471 2487 nympham
491 2416 661 2485 similemque
674 2424 819 2479 senectam,

80 2511 147 2566 Tam
160 2511 301 2580 pulchram
311 2519 338 2566 et
350 2512 480 2580 placidam
493 2513 560 2566 dent
570 2512 620 2566 sibi
631 2510 694 2572 latu,
710 2519 813 2580 rogant.

48 2607 178 2661 Metronae
190 2608 346 2671 adveniunt,
361 2607 513 2675 vetulaeque
523 2607 642 2660 latentur
655 2607 681 2660 in
696 2623 743 2660 ore

83 2705 163 2768 Quod
175 2705 244 2759 nihil
255 2705 421 2759 horrendum
434 2706 612 2759 ridiculumve
624 2704 725 2757 vident.

79 2929 90 2952 ·
108 2917 159 2964 Diu
175 2914 275 2979 publico
289 2914 336 2962 suit
355 2913 495 2976 spectaculo
506 2913 612 2974 egraegla
628 2911 679 2959 haec
701 2912 794 2971 tabula,
814 2915 838 2961 in

48 2995 102 3030 aree
113 2981 222 3045 palatina
234 2979 359 3034 exteriori.
367 2981 440 3039 juxte
453 2978 535 3026 funum
545 2977 818 3026 Weetmonmterieme.
