2036 3400
292 163 409 199 uurnsrs
427 163 462 197 sn
480 162 580 198 cusos»
801 148 839 197 45

45 299 113 358 Tum
124 304 239 374 gemmis
250 303 494 373 multoqueuiteus
506 302 625 356 lasciviat
637 319 712 364 auro,

77 403 143 471 Igne
155 417 227 454 novo
239 399 311 462 felix,
327 399 484 468 deliciisque
496 399 591 458 novisc

43 501 214 568 Perpetuam,
226 497 323 551 nitidos
332 497 404 550 inter
416 495 576 548 nitidissima
585 495 725 564 nymphas,

77 595 192 650 Saltibus
204 595 326 648 absumat
338 593 482 661 laetitiaque
495 592 575 646 diem.

42 693 166 761 Longum
177 692 241 745 abes
253 691 364 752 interea,
379 689 516 759 Corydon,
530 689 697 757 longumque
709 687 799 741 licebit

75 789 170 850 Absis3
190 795 218 842 tc
230 789 342 842 tacitum
353 804 410 840 nox
421 787 596 855 tenebraeque
608 793 753 854 premunt.

41 887 77 939 Ni
87 893 135 940 tua
144 886 209 947 fors,
224 893 301 940 terrae
312 885 450 938 immineat
460 900 523 937 cum
535 883 632 952 pallida
643 883 716 945 lune,

75 984 175 1038 Lurida
187 983 304 1036 vicinum
318 981 465 1035 transvolet
478 981 574 1034 umbra
583 995 691 1034 nemus.

229 1526 399 1588 THYRSIS
421 1534 471 1588 ET
493 1525 637 1590 clltou,

35 1756 134 1810 Ouum
147 1771 203 1808 nox
215 1757 341 1819 tenebris
357 1757 491 1827 tacitaque
503 1757 652 1811 involverat
664 1758 767 1820 umbre,

67 1853 105 1906 Et
116 1852 204 1906 fessos
215 1852 340 1908 homines
352 1855 475 1908 vinxerat
487 1855 540 1908 alta
553 1855 645 1924 quies;
714 1845 717 1852 ’

33 1949 104 2002 Cum
117 1949 201 2002 valve
212 1957 331 2018 patuere,
347 1957 375 2003 et
386 1967 481 2019 gressu
493 1951 586 2020 illapsa
597 1951 695 2014 silenti

67 2045 213 2115 Thyrsidis
225 2046 259 2099 ad
270 2046 372 2099 lectum
386 2048 471 2100 stabat
484 2048 573 2116 imago
587 2046 697 2102 Chloes«

29 2241 131 2294 Vultus
144 2247 209 2303 erat,
224 2241 310 2310 qualis
321 2241 465 2311 lacrymosi
477 2241 569 2296 vultus
584 2241 693 2310 Aprilis,

65 2337 121 2391 Cui
133 2337 216 2391 dubia
226 2337 350 2407 hyberno
363 2338 488 2392 conditur
501 2339 586 2392 imbre
599 2339 673 2402 dies:

29 2435 150 2503 Quaque
161 2435 357 2502 sepulchralem
369 2452 386 2488 a
396 2435 510 2503 pedibus
523 2435 631 2504 collegit
642 2437 779 2498 amictum,

64 2531 214 2585 Candidior
225 2531 341 2595 nivibus,
354 2531 529 2602 frigidiorque
540 2549 645 2586 uranus.

27 2724 158 2794 Cumque
169 2723 227 2778 dies
239 2725 353 2778 aberunt
365 2725 468 2788 molles,
484 2734 511 2780 et
522 2728 582 2780 laeta
589 2727 729 2796 juventus,

62 2819 161 2873 Gloria
171 2819 288 2888 pallebit.
302 2821 349 2882 sic,
367 2821 510 2892 Cyparissi,
525 2829 573 2875 tua
583 2839 592 2875 :¹

25 2915 100 2970 Cum
113 2930 188 2968 mors
200 2916 320 2970 decutiet
332 2918 411 2986 capiti
423 2918 581 2983 diademata,
597 2932 691 2988 regum

62 3011 124 3066 Hac
137 3011 189 3066 erit
202 3012 229 3064 in
243 3013 334 3066 trabea
345 3013 553 3083 conspiciendus
565 3016 660 3070 honos.
