1994 3398
383 167 487 204 Vo'l'iffl.

38 307 145 376 Regum
159 315 190 360 ut
202 307 326 360 nudatur
336 305 407 368 fiam,
421 306 548 374 vitiisque
560 307 692 366 minister,

73 403 218 473 ingenium
230 403 314 456 nolim
331 402 502 471 prostituisse
513 419 622 462 meum

38 501 107 563 Neo,
120 501 195 554 oanis
206 507 238 554 ut
250 501 362 554 onudnm
374 501 532 554 submittam
545 507 573 553 et
584 499 703 553 blnnd'm
715 501 807 558 instar.

72 596 218 657 Perbreve,
229 596 303 664 quod
315 596 397 648 morti
408 595 546 658 subtraho,
561 603 669 664 tempus
679 611 766 664 ngnm.

37 691 127 760 AEquo
139 691 260 745 animum
272 691 393 759 imperio,
408 699 460 744 etc.

38 885 82 938 Ad
93 891 184 938 tantus
196 901 247 937 neo
258 893 351 952 surgat
363 901 438 952 opos,
452 901 534 954 quem
549 883 806 954 diiigofiquisquom,

73 981 186 1034 Nosoint
198 989 228 1035 ut
240 988 329 1042 notos,
343 989 541 1051 praeterootque
552 982 664 1042 videns;

37 1078 107 1131 Tum
119 1093 203 1146 supro
211 1078 248 1131 sit
259 1094 341 1131 nemo
352 1078 430 1140 situs,
444 1086 499 1132 tam
511 1095 594 1132 nemo
602 1080 638 1132 nit
650 1079 726 1142 infru,

73 1174 112 1228 Ut
124 1174 191 1228 mihi
203 1173 247 1228 vel
258 1174 335 1235 livor,
349 1175 393 1228 vil
404 1176 456 1229 siet
468 1175 534 1228 inde
544 1175 631 1228 dolor.

35 1270 126 1338 AEquo
138 1271 259 1324 animum
272 1272 392 1340 imperio,
408 1279 461 1325 eto.

36 1464 126 1518 Detur
135 1473 164 1518 et
173 1465 210 1518 oh
221 1463 228 1518 i
243 1465 279 1532 (si
287 1481 369 1534 posco
378 1467 452 1536 quod
461 1483 568 1535 uquum
578 1474 620 1520 est
631 1470 756 1535 poscere)
766 1467 832 1528 fldae,

72 1564 132 1618 Neo
144 1571 237 1617 tumen
249 1563 375 1632 ingentis,
390 1564 481 1618 cultus
492 1564 632 1625 amicitiam

38 1661 136 1716 Cultus
147 1661 372 1732 micitiquuam
386 1671 509 1730 temporo
520 1661 595 1715 nulls
606 1662 742 1723 valebunt

73 1758 164 1819 Quam
177 1757 261 1810 nnllae
274 1775 363 1812 rerum
376 1757 626 1830 dissoluissejvices.

34 1855 126 1924 AEquo
138 1855 259 1908 animum
273 1855 392 1924 imperio,
408 1863 460 1909 eto.

37 2048 83 2103 Sin
96 2047 212 2102 comites
224 2047 306 2110 infidi,
321 2057 350 2102 et
359 2049 394 2102 sit
404 2048 515 2102 fortuna
527 2057 659 2118 proterva,

71 2147 153 2201 Solva
164 2146 231 2199 mihi
242 2147 328 2200 virtus
341 2154 408 2208 esto.
423 2147 515 2201 licebit
525 2149 612 2217 inops.

35 2243 110 2297 Tum
122 2244 234 2298 demum
247 2245 371 2298 ridentur
383 2245 455 2298 iners
467 2253 496 2298 et
506 2245 610 2300 inutilis
622 2254 696 2308 uns,

71 2339 143 2393 Cum
156 2339 223 2392 mihi
234 2356 286 2393 uec
298 2341 400 2403 vinum,
415 2357 467 2394 neo
479 2341 548 2409 sapit
560 2341 709 2412 ingenium.

33 2435 125 2504 AEquo
137 2435 258 2488 animum
270 2436 391 2504 imperio,
406 2443 458 2489 etc.

165 2685 251 2734 Laudo
262 2699 410 2736 manentem.
443 2690 464 2736 si
476 2689 569 2738 coleres
580 2690 661 2752 quatit

166 2751 272 2810 Pennus,
283 2753 383 2816 resigno
394 2769 449 2816 quae
458 2755 535 2813 dedit,
547 2765 573 2803 et
585 2771 640 2803 mes

196 2817 296 2866 Virtute
305 2835 344 2866 me
355 2819 584 2868 involvo——-

164 2908 261 2918 --
280 2883 347 2932 Hinc
358 2885 453 2947 apicem
465 2900 543 2946 rapax

167 2947 276 2995 Fortuna
288 2965 344 2996 cum
362 2950 467 2996 stridore
479 2959 552 2995 acuto

198 3011 322 3076 Sustinet}
342 3013 382 3062 hio
394 3013 506 3076 posuisse
515 3013 612 3073 gaudet
698 3013 768 3058 Hon.

681 3103 727 3148 03
