2002 3400
230 181 360 218 crunnus
379 179 641 218 uscunocnrrurcu.
787 165 839 222 257

32 319 183 374 Gramine?
202 326 300 388 sponte
313 335 363 373 sua
374 319 508 387 tepefacta
520 317 666 387 repullulat
678 315 781 370 herbe?

32 417 179 486 Temporis
191 416 266 470 unde
278 414 374 469 vices?
394 414 499 484 glaciali
510 413 623 468 flumine
633 413 717 467 fraeno

32 513 173 582 stringere
186 513 246 581 quis
257 512 329 581 potis
342 518 391 574 est,
407 511 563 579 solidosque
575 510 711 564 resolvere
721 507 813 562 rivos?

30 606 194 661 Humanum
219 609 294 661 unde
323 623 420 676 genus,
455 606 614 674 speciesque
644 611 685 658 tot
718 603 838 672 undique

102 701 209 756 brute?

30 798 142 853 Scilicet
152 815 168 851 e
180 798 294 851 nimium
306 796 432 851 loecundo
445 797 549 850 viscere
561 795 663 849 terrae?

30 874 92 948 Nec
104 901 133 947 te
146 893 314 956 crediderim,
329 892 436 955 mulier,
448 892 577 946 mutabile
586 908 693 960 semper

29 989 74 1043 Sis
86 989 160 1050 licet,
176 995 204 1043 et
216 995 309 1043 teneas
319 988 451 1042 discordia
463 987 567 1042 semina
579 1002 679 1047 rerum,

29 1085 156 1140 Meteriae
165 1085 270 1154 prolem
283 1085 380 1139 rixosae
394 1091 422 1138 et
434 1100 548 1138 munere
559 1083 648 1138 sortis.

66 1181 97 1235 Si
109 1181 191 1234 nullis
202 1181 292 1250 potuit
304 1196 407 1234 numen
420 1196 586 1249 cognoscere
599 1179 683 1248 signis

27 1277 75 1332 Vis
88 1278 194 1340 anime,
206 1279 229 1331 si
240 1277 315 1331 nulle
326 1276 417 1331 forent
430 1276 545 1344 vestigia
557 1275 623 1334 coeli.

28 1373 113 1426 Unde
125 1371 142 1424 J
144 1388 223 1426 ovem
239 1371 411 1440 Martemque
420 1373 486 1425 deos
498 1371 603 1425 fluxere
613 1377 756 1439 protervos

27 1468 170 1521 Immersae
182 1467 301 1520 tenebris
314 1472 418 1535 gentes,
433 1466 534 1534 pietate
542 1464 684 1534 profanae?

27 1564 113 1617 Unde
125 1561 206 1616 delun
219 1578 366 1616 numerose
378 1562 476 1615 cohors
489 1561 589 1615 summi
601 1561 668 1614 atria
679 1561 738 1614 coeli

27 1659 197 1714 Numinibus
208 1659 278 1713 dctis
287 1658 458 1713 onerdrunt?
476 1659 579 1712 scilicet
591 1673 678 1711 unum

27 1758 91 1811 Hoc
104 1756 166 1818 fuit,
181 1763 208 1810 at
220 1756 294 1811 vario
308 1756 444 1825 signatum
456 1755 568 1810 nomine
581 1769 692 1808 numen.

62 1853 255 1922 Nequicquam
268 1858 359 1906 tentes
373 1852 470 1905 rationi
483 1852 620 1905 obducere
633 1852 743 1914 nubem,

25 1949 220 2018 Nequicquam
231 1947 287 2001 lulli
298 1947 426 2008 insudes;
447 1945 498 2000 en!
519 1954 619 2001 cuncta
629 1948 781 2016 loquuntur

23 2044 181 2106 Artificem,
196 2051 224 2096 et
236 2042 315 2096 verioe
325 2042 450 2096 tribuunt
462 2043 574 2096 donaris
589 2043 685 2097 leudis.

183 2162 359 2226 Cantabrigiae‚
372 2163 398 2211 in
410 2163 525 2212 comitiis
536 2165 669 2228 prioribus,
684 2165 799 2216 1715-16.

125 2536 320 2591 LATERNA
342 2537 732 2593 MEGALOGRAPHICA.

20 2703 135 2756 Exrcss
148 2700 253 2768 magico
264 2700 365 2755 formes
378 2701 505 2770 effingere
516 2700 580 2754 lusu

20 2794 191 2866 Aggredior,
205 2795 431 2865 circumfusisque
440 2797 543 2865 aperire
552 2797 671 2850 tenebris

19 2893 135 2950 Lucida
147 2909 203 2945 non
216 2892 266 2962 ipsi
277 2895 432 2963 spectacula
442 2895 551 2964 cognite
564 2895 674 2948 Phoebo.

59 2988 138 3044 Effer
151 3005 220 3058 opus
231 2990 360 3059 lepidum,
375 2992 550 3060 poscentibus
563 2991 628 3046 effer
641 2991 733 3046 amicis

678 3106 694 3142 u
707 3091 724 3140 ³
