1986 3398
189 736 303 793 Mona
322 731 572 788 JUVENTUTIS
594 733 914 788 RESTAURATRIX.

152 948 265 1016 blanau,
280 953 360 1007 effeti
372 962 511 1008 revocaret
525 961 555 1007 ut
568 955 677 1008 AEsonis
686 970 781 1014 annos,

186 1048 328 1103 Diversum
341 1050 485 1104 herbarum
498 1050 572 1103 mille
584 1051 706 1118 poposcit
718 1065 797 1118 opem
810 1070 817 1108 t

152 1143 333 1214 carminaque
345 1154 372 1199 et
384 1147 501 1216 magicas
512 1153 592 1210 antea,
607 1163 759 1214 succosque
771 1153 904 1213 potentes,

189 1241 301 1303 Quosve
314 1259 482 1296 venenorum
497 1243 628 1297 Thessala
638 1251 710 1296 terra
723 1257 836 1309 parensr
980 1237 981 1248 ¹

153 1338 231 1400 Quos
245 1337 358 1401 Pindus,
374 1355 442 1408 quos
458 1339 527 1392 Ossa
539 1339 610 1402 tulit,
625 1355 694 1408 quos
709 1339 803 1390 Pelion
816 1337 894 1396 altus,

189 1433 333 1504 Quotquot
346 1443 374 1489 et
389 1436 506 1504 Apidani
517 1437 638 1504 gramina
649 1437 706 1504 ripa
718 1436 808 1495 dedit;

154 1531 291 1600 Quodque
302 1533 401 1600 triceps
416 1532 521 1586 Hecate
531 1533 632 1596 auxilii,
647 1533 720 1602 quod
734 1532 847 1584 numina
856 1529 941 1588 noctis,
981 1575 982 1578 ,

190 1626 272 1688 Quod
284 1644 428 1682 nemorum
440 1635 565 1697 poterant
578 1629 669 1696 diique
681 1629 796 1696 deaeque
808 1628 879 1680 dare.

153 1721 204 1774 His
216 1722 297 1775 simul
309 1723 430 1786 incoctis,
446 1724 633 1792 precibusque,
650 1730 677 1776 et
690 1725 809 1776 carmine
821 1723 907 1776 multo

188 1818 275 1887 Sopiti
282 1819 412 1888 jugulum
424 1821 531 1874 discidit
543 1837 608 1874 ense
621 1821 701 1874 senis.

153 1914 268 1984 Sanguis
280 1917 327 1969 ubi
340 1918 449 1980 exierat,
462 1918 543 1971 validi
556 1918 734 1972 medicamine
746 1918 821 1971 succi

188 2013 314 2082 Replerit
326 2015 414 2068 soceri
426 2021 539 2084 guttura
551 2030 622 2068 caesa
635 2031 728 2068 nurus.

154 2109 281 2173 Canities,
296 2111 451 2179 maciesque
462 2112 534 2173 abiit,
550 2113 697 2180 pallorque,
713 2113 844 2179 situsque,

189 2206 327 2276 Plenaque
339 2208 477 2261 luxuriant
490 2210 611 2262 membra
623 2209 716 2277 vigore
729 2225 809 2261 novo.

154 2303 261 2358 Scilicet
273 2303 326 2357 hoc
339 2304 426 2356 visum
441 2311 482 2356 est
494 2304 562 2356 mire
574 2303 684 2356 finxisse
696 2307 798 2371 poiitaez

190 2399 232 2452 Te
244 2415 328 2467 penes
341 2407 382 2452 est
395 2399 506 2467 dignum
520 2400 610 2453 dicere
623 2414 710 2451 necne
722 2399 776 2450 fide

155 2495 294 2555 Quidlibet
306 2493 424 2547 audendi
436 2494 532 2561 pictori
545 2501 586 2546 est
599 2511 674 2562 aequa
686 2501 814 2561 potestas,

189 2592 226 2644 Et
239 2591 318 2644 multi
330 2590 431 2658 ingenii
443 2591 551 2643 tradidit
564 2591 609 2643 ille
619 2590 726 2642 molam.

154 2687 259 2741 Clarius
272 2687 422 2747 inventum,
437 2687 565 2753 quoniam
577 2686 638 2754 plus
651 2686 761 2739 exhibet
773 2687 845 2747 artis,

189 2781 287 2846 (Quod
299 2796 363 2832 mox
375 2784 517 2846 agnosces)
531 2781 699 2849 prodigiique
711 2781 810 2834 miuus.

155 2874 269 2927 Ponitur
287 2875 314 2925 in
328 2875 427 2941 campis
441 2875 491 2938 (ita
498 2875 563 2927 lusit
575 2877 688 2930 amabile
700 2878 799 2945 pictor)

191 2967 324 3028 Machina,
340 2969 481 3028 bissenos,
497 2969 541 3021 vix
555 2971 652 3032 minua,
667 2972 721 3025 alta
733 2975 825 3041 pedes.
