1994 3398
326 129 391 166 rrea
411 131 461 165 aaa
480 130 607 164 raursrn.
821 115 871 163 149

77 265 212 338 Magnifica
224 277 353 338 apparent
366 270 455 338 operis
467 275 654 329 monumenta,
669 269 823 334 domusque

76 363 197 434 Majestas
209 365 328 433 antiqua,
343 364 406 433 ipsis
419 364 575 417 veneranda
587 363 681 416 ruinis.

75 459 128 515 Nec
137 462 232 529 procul
242 461 305 515 hinc
319 462 432 515 excelse
444 477 529 522 arces,
544 460 716 528 spatiosaque
725 476 787 514 sese

75 558 147 610 Atria
154 558 269 626 justitiae
283 559 391 620 tollunt,
408 558 456 611 ubi
466 557 558 610 fronte
570 573 665 610 severa

75 652 187 716 desidet,
203 660 231 706 et
243 654 339 706 dextra
351 660 427 707 tenet
440 669 543 722 aequam
559 654 658 705 Astrea
670 652 811 705 bilancem.

73 749 154 803 Tecta
165 765 248 818 super
260 751 358 818 triplex
370 751 457 818 surgit
470 766 525 819 qua
535 750 626 818 cuspis
639 750 666 802 in
679 766 767 810 auras,

72 845 121 899 Hic
133 853 215 914 caput
228 845 357 899 effossum
369 846 477 899 tumulo
490 845 575 899 fixere
588 845 696 898 rebellis

71 941 238 1000 Cromwelli;
258 941 388 995 indicium
400 941 510 995 sceleris
523 958 579 994 non
592 957 703 1009 prorsus
716 940 803 997 inulti.

71 1036 106 1089 At
118 1036 232 1089 nimium
247 1053 312 1090 serae
325 1044 403 1090 tanto
416 1054 465 1106 pro
477 1037 590 1090 crimine
603 1054 693 1105 poenae.

70 1131 125 1186 Has
138 1132 302 1201 praeterlapsi
314 1133 393 1186 sedes
404 1133 571 1185 advertimur
584 1131 638 1185 illic

70 1229 132 1288 Quo
144 1234 247 1281 coeunt
258 1243 392 1296 proceres,
408 1234 440 1280 ut
452 1244 544 1281 curam
557 1227 716 1296 impendere
728 1228 841 1296 possint,

68 1324 102 1377 Et
114 1323 206 1391 patriae
218 1323 389 1391 populisque,
404 1330 432 1376 et
445 1339 488 1376 res
501 1336 666 1391 componere
679 1323 764 1390 regni.

69 1419 165 1472 Nobile
177 1426 231 1472 stat
240 1419 320 1487 juxta
333 1418 447 1479 Fanum,
462 1425 600 1471 structura
612 1417 747 1470 columnis

69 1515 168 1577 Ardua,
183 1513 349 1582 principibus
358 1514 481 1567 cinerum
494 1513 624 1566 fidissima
636 1520 746 1566 custos:

69 1609 120 1662 Hic
129 1609 216 1662 nostri
227 1609 364 1676 accipiunt
376 1625 462 1678 reges,
477 1616 640 1677 ponuntque
651 1623 789 1661 coronam.

65 1705 179 1774 Jamque
192 1705 290 1758 domus
302 1705 472 1758 celeri'motu
486 1704 625 1758 discedere
638 1705 700 1758 visae

68 1800 264 1869 Lambethique
276 1801 355 1858 aedes,
369 1801 467 1869 palatia
478 1801 593 1869 presule
605 1801 686 1869 digna
698 1822 703 1852 :

66 1897 101 1950 Et
113 1914 207 1950 canam
220 1898 499 1951 absconduut'urbem
513 1897 659 1951 subeuntia
668 1903 750 1964 prata

67 1993 197 2046 Paulatim
209 1979 319 2061 lugiunt
331 1999 432 2054 turres,¹
444 1993 599 2061 summique
613 1993 740 2048 videntur

66 2088 187 2142 Diminui
199 2089 363 2157 templorum
375 2089 465 2157 apices
476 2111 482 2148 ;
503 2096 595 2142 menet
607 2089 694 2143 unica
704 2090 781 2144 Pauli

66 2183 99 2235 Et
110 2183 193 2251 longe
206 2183 318 2252 effulget
329 2184 441 2252 reliquia
453 2185 626 2252 conspectior
638 2186 718 2239 aedes.

66 2279 135 2333 Hinc
148 2279 231 2332 tardae
243 2281 347 2348 petiens
359 2287 455 2349 op‘erae,
470 2297 522 2335 nec
534 2283 612 2336 taedia
624 2284 763 2345 damnans,
812 2295 814 2308 ¹

65 2375 185 2430 Piscator
197 2375 272 2429 solus
284 2390 391 2429 summa
403 2378 553 2431 consistere
565 2379 623 2446 ripa
668 2395 671 2404 ·
690 2394 692 2400 ·
765 2395 767 2404 ’

64 2473 199 2535 Cernitur,
214 2457 441 2528 intentui'studio
453 2475 476 2529 si
489 2476 624 2544 prendere
635 2478 721 2544 possit
743 2503 745 2508 ·
778 2491 780 2498 ’

65 2569 236 2631 l'isciculum,
253 2568 297 2622 vel
308 2569 380 2623 forte
393 2585 488 2639 vagam
501 2571 524 2625 si
536 2571 630 2626 fallere
642 2574 761 2640 praedam
773 2586 779 2625 ε’

64 2663 122 2718 Nec
133 2664 238 2733 lepidos
251 2665 321 2718 risus
333 2673 381 2720 aut
394 2666 515 2734 improba
527 2675 676 2721 scommata
688 2675 773 2730 curat,

63 2761 116 2814 Sed
128 2761 229 2815 salibus
242 2762 397 2830 respondet,
413 2769 440 2816 et
453 2763 510 2832 ipse
522 2765 666 2833 aliquando
676 2766 797 2834 jocosus.
834 2793 838 2800 ·

63 2857 228 2919 Occurrunt,
243 2873 328 2926 seque
340 2859 446 2912 alterno
459 2860 577 2913 clamore
589 2860 707 2913 salutant

62 2953 158 3006 Nautae
166 2975 173 3013 ;
195 2969 246 3007 nec
259 2971 318 3008 raro
333 2963 425 3008 noster
439 2954 573 3007 mordacia
586 2971 686 3015 remex,

709 3058 725 3091 o
739 3045 754 3090 3
