1986 3398
164 153 216 204 280
449 161 504 196 rnre
523 157 693 196 rossanum.

167 303 247 357 Tunc
259 315 351 368 peram
364 297 491 356 invertit;
511 295 691 362 fraudemque
705 309 819 347 exorsus
830 293 925 348 abono

202 395 338 449 Gallinam
349 392 453 462 profert
465 390 651 460 aligerumquo
662 405 781 458 gregem.

167 492 278 548 cartula
287 488 381 559 (prohl
401 495 555 542 monstrum
560 486 582 556 l)
602 487 702 541 summi
713 488 747 540 nd
754 487 889 555 laquearia
899 489 956 542 teeti

204 586 342 649 Subvolnt
358 592 386 642 et
397 585 512 638 formam
521 584 600 654 jussa
611 583 726 652 capessit
738 583 804 638 avis.

169 686 310 756 Spectator
321 683 398 737 letus
411 683 486 736 videt
497 682 554 736 hsce
566 681 695 736 miracula
708 697 808 743 rerum,

204 782 241 836 Et
254 788 346 850 stupet
358 779 459 834 occulti
470 785 565 849 captus
577 795 669 832 amore
682 776 745 831 doli.

170 879 290 934 Multum
303 878 384 931 habet
395 875 506 944 ingenii,
521 875 638 928 multum
651 873 761 927 delusor
773 878 802 925 et
813 873 894 934 artis;

207 975 271 1038 Qui,
286 972 409 1028 simulac
420 972 506 1040 aperit
518 987 556 1033 se,
572 969 639 1023 nihil
650 969 715 1023 artis
726 968 816 1022 habet.

394 1262 472 1318 nus
493 1260 746 1316 PORTABILIS.

173 1452 307 1507 Conurarr
320 1457 347 1504 et
360 1449 458 1518 frangit
470 1449 559 1502 radios
571 1448 599 1501 in
612 1446 685 1499 mille
697 1446 803 1501 colores

208 1548 323 1610 vitrum,
339 1547 412 1616 quod
425 1545 499 1599 docti
511 1544 621 1598 nomine
632 1543 731 1613 prisma
743 1550 858 1605 vocant;

174 1644 292 1699 Coccina
304 1643 432 1704 ceruleis,
448 1641 550 1695 croceis
562 1639 738 1711 hyacinthina
751 1640 861 1703 distant,

210 1739 322 1808 Singula
333 1755 382 1806 per
394 1737 481 1791 varios
493 1741 633 1789 attenuato
644 1735 753 1804 medus.

174 1834 325 1889 Dissimiles
337 1833 440 1886 umbris
452 1838 517 1886 sunt
529 1832 638 1893 umbre,
654 1837 682 1884 et
693 1830 766 1884 linea
776 1831 879 1899 quevis

211 1930 377 1999 languidior
389 1928 489 1984 sensim
502 1927 684 1996 contiguaque
696 1927 794 1980 minor.

176 2029 229 2082 Per
241 2028 279 2081 sic
292 2026 426 2094 dispositae
438 2024 592 2078 discrimina
603 2024 680 2086 lucis,
695 2024 723 2076 in
736 2024 812 2078 omni

211 2123 354 2192 Depictam
365 2121 435 2175 facie
446 2119 580 2188 prismatis
595 2118 650 2172 lrin
662 2119 752 2173 habet.

404 2487 469 2498 --
481 2473 578 2509 cavius
590 2471 632 2507 ινιτ
646 2468 804 2513 carneum,

307 2552 443 2607 Qurcoum
456 2561 612 2598 conareris
623 2559 671 2594 asr
684 2557 777 2592 uersa.

182 2711 348 2764 Cnsnnrrua
360 2709 388 2760 in
401 2723 490 2768 caves,
504 2706 602 2773 laqueo
614 2717 695 2771 quarn
708 2698 847 2768 prenderit
861 2709 980 2774 ancepsqj

217 2805 253 2857 Et
266 2804 335 2867 silet,
352 2810 379 2858 et
391 2802 476 2856 iatum
488 2800 605 2868 lugubre
618 2797 705 2866 ploret
718 2795 783 2849 avis.

183 2900 242 2950 Neo
255 2899 343 2963 placet
354 2905 486 2966 angustus
499 2912 598 2956 carcer,
613 2910 695 2963 quam
707 2891 793 2947 limite
805 2890 886 2944 nullo

220 2988 314 3039 Aerios
327 3005 413 3054 nuper
422 2990 531 3057 juverat
543 2990 583 3042 ire
595 2989 660 3042 vias.
