1994 3398
129 125 180 175 ltu
390 141 453 177 ursa
474 143 524 176 rra
545 137 669 176 rnnrsrn.

129 261 219 322 Quem
235 263 354 324 veheret,
370 263 418 316 sed
431 278 504 330 saepe
518 279 598 316 suum
613 263 760 315 detrudere
770 263 860 330 jussus

130 356 285 425 Navigium,
300 357 377 411 littus
390 359 500 411 tandem
514 365 654 426 terrasque
669 357 805 426 relinquit.

130 450 191 513 Hic,
205 451 318 520 antique
330 459 407 520 pater
416 453 500 513 fluvii,
517 453 564 505 tibi
576 461 653 522 grata
665 452 785 506 camoena

130 546 159 600 Si
172 548 271 608 tenuis,
287 548 408 616 placidus
422 549 513 617 coeptis
520 548 688 617 juvenilibus
701 549 782 607 adsis,

129 642 165 695 Et
178 645 282 712 cymbae
296 651 461 712 nostrosque
474 643 545 696 idem
560 652 590 696 tu
604 644 689 712 dirige
702 661 808 697 cursus.

127 739 243 809 Jamque
255 749 330 808 parat
343 741 437 794 validis
450 741 608 794 incumbere
622 741 713 793 navita
724 741 815 802 remis,

128 837 165 889 Et
177 837 292 905 genibus
305 837 405 889 nostris
418 843 509 890 vestes
519 838 662 904 imponere
675 843 761 897 curat,

129 933 238 986 Exutus
249 941 354 986 curtam
367 933 496 996 tunicam,
512 934 556 987 cui
571 934 697 987 mannica
707 934 775 987 laeva

131 1031 256 1098 Argento·
267 1030 363 1098 gravis,
378 1036 461 1098 atque
474 1030 630 1083 extantibus
643 1045 737 1098 aspera
749 1029 842 1097 signis.

131 1124 181 1179 llis
194 1127 232 1182 ita
244 1126 390 1194 dispositis,
405 1127 533 1180 tubulum
547 1143 610 1180 cum
623 1126 724 1196 pyxide
736 1142 835 1195 magna
959 1078 960 1162 l

130 1221 282 1290 Depromit,
298 1221 405 1290 nigrum
418 1221 518 1290 longus
531 1237 614 1290 quem
625 1221 728 1275 fecerat
740 1237 817 1274 usus.

131 1317 215 1370 Hunc
228 1324 371 1385 postquam
384 1314 507 1384 implerat
519 1323 597 1384 preto,
612 1315 771 1384 silicemque
785 1312 895 1384 paritet,
960 1282 961 1374 l

132 1414 260 1468 Excussit
273 1413 433 1474 scintillam
454 1413 501 1466 ubi
513 1413 591 1482 copia
602 1414 713 1480 ponitur
725 1413 778 1466 atri

132 1511 253 1572 Fomitis‚
268 1509 331 1563 hinc
345 1509 436 1579 ignem
449 1509 500 1562 sibi
510 1509 629 1562 multum
643 1509 745 1577 exugit,
761 1515 789 1561 et
802 1509 901 1562 haustu

134 1607 296 1661 Accendens
309 1607 413 1669 crebro,
429 1613 574 1674 surgentes
586 1605 713 1672 deprimit
725 1604 823 1658 herbas

132 1703 265 1755 Extremo
279 1700 380 1769 digitoa
399 1701 428 1753 in
441 1700 546 1752 cineres
559 1699 696 1753 albescere
708 1710 810 1766 petum
962 1688 963 1738 l

133 1797 240 1865 Incipit,
256 1804 284 1849 et
296 1813 363 1850 naso
374 1803 466 1864 gratos
479 1795 580 1848 emittit
593 1796 700 1848 odores.

134 1893 207 1946 Tum
220 1909 314 1947 remex
326 1892 446 1960 puppim,
461 1892 568 1944 medius
581 1907 634 1959 qua
645 1890 765 1944 fluminis
777 1891 880 1951 alveus,

133 1988 240 2057 Dirigit,
256 1996 283 2041 et
296 2005 383 2056 prono
397 1987 476 2041 velox
489 1986 622 2040 delabitur
635 2003 724 2039 amne.

132 2083 249 2153 Jamque
260 2084 313 2137 illic
327 2099 422 2137 sumus
435 2083 546 2144 admoti,
563 2099 617 2150 qua
629 2082 830 2135 causidicorum

135 2181 195 2235 Stat
206 2180 279 2234 senis
291 2181 325 2232 ad
340 2179 419 2232 Tarni
430 2178 533 2231 flumen
547 2178 722 2232 celeberrima
735 2177 837 2230 nutrix.

136 2275 188 2330 Hic
196 2276 314 2344 juvenes
327 2275 447 2327 rixarum
460 2281 488 2327 et
501 2274 564 2326 dirae
575 2273 629 2326 litis
642 2279 764 2326 amantes

135 2370 253 2424 Discunt
265 2370 389 2430 clamare,
400 2369 444 2423 hic
458 2369 562 2422 venalia
574 2369 690 2422 fundere
704 2370 792 2428 verba,

137 2467 296 2535 Sumptibus
308 2466 352 2520 hic
366 2473 394 2519 et
406 2465 479 2518 mille
492 2465 575 2518 moris
588 2481 687 2518 vexare
700 2465 823 2518 clientes.

136 2563 179 2615 Ex
191 2571 268 2630 parte
279 2563 392 2614 adversa
404 2560 499 2613 mediis
510 2561 608 2612 domus
620 2561 723 2613 innatat
737 2560 826 2620 undis,

137 2657 247 2711 lufamis
260 2659 365 2720 domus,
380 2657 473 2709 infami
483 2657 517 2708 de
530 2657 641 2709 nomine
654 2657 732 2710 dicta.

138 2754 211 2807 Hinc
224 2753 270 2806 ubi
282 2753 466 2820 provehimur,
481 2752 600 2821 pulchre
613 2752 727 2820 vestigia
739 2751 820 2812 sedis,

138 2848 243 2901 Tristes
256 2847 382 2915 reliquias
394 2847 472 2915 ignis,
487 2847 660 2916 spoliumque
673 2849 796 2901 videmus

139 2943 319 2994 Flammarum
331 2964 337 3000 ;
359 2941 402 2994 vel
413 2941 503 2994 adhuc
516 2960 656 2996 murorum
671 2944 698 2995 in
710 2943 844 3010 fragmine
853 2945 929 3011 prisci
