2002 3400
160 143 213 194 202
319 159 406 199 tosus
424 159 606 198 ascalonus
624 156 677 193 run
695 155 800 192 aunan.
894 149 896 153 '

161 294 198 348 lit
210 305 311 350 reserat
323 298 427 366 tepidas
439 297 572 368 Zephyris
583 293 737 350 labentibus
748 309 836 346 surm.

162 391 257 445 Aerias
270 392 342 446 calor
355 393 401 446 ille
413 393 480 455 vias,
494 401 522 445 et
535 408 593 445 rara
611 390 713 444 relaxat

161 483 337 553 spiramenta,
351 504 432 542 aures
444 487 550 541 sonitus
562 502 617 555 qua
628 485 748 539 lubricus
761 485 852 537 intret.

160 582 234 634 Tum
247 599 312 636 vero
324 584 401 637 reddi
414 584 521 647 deinde,
537 589 565 637 et
577 581 697 636 resoluta
709 580 812 642 referri,

159 677 238 730 Irrita
250 694 310 746 qua
320 676 406 748 frigus
419 680 555 733 taciturno
568 679 701 732 clauserat
711 683 800 738 antro,

159 771 196 826 Et
207 773 288 826 simili
296 774 353 842 jam
366 790 439 828 nunc
451 789 549 828 sensus
560 779 703 842 penetrare
720 771 816 840 figora.

194 869 254 922 Nec
266 886 360 931 mora;
380 887 411 924 sc
422 871 509 939 primo
523 871 627 924 vinc’lis
639 868 767 923 exolvere
779 867 869 920 mollis

158 964 251 1017 Turba
263 981 447 1027 susurrorum,
461 965 660 1034 liquefactaque
672 963 787 1017 stridere
800 969 895 1016 tentat.

159 1059 274 1113 Addunt
287 1077 317 1114 se
329 1061 418 1114 socios
430 1061 558 1129 crepitus,
572 1059 719 1127 facilesque
731 1066 893 1126 sequuntur,

156 1153 322 1208 Jamdudnm
335 1155 426 1208 emissi
446 1151 577 1208 Batavfrm
588 1152 763 1207 femoralibus
774 1152 871 1220 amplis
881 1173 888 1212 ;

157 1248 297 1303 Continuo
310 1255 369 1302 toto
381 1249 471 1319 fragor
484 1249 575 1305 aridus
587 1249 710 1317 undique
722 1248 786 1302 calo

157 1343 286 1405 Auditur,
300 1345 485 1413 strepitusque
498 1351 525 1396 et
537 1343 627 1397 inania
639 1343 832 1397 sibilamiscet.

157 1438 224 1493 Mox
236 1440 347 1509 propius
359 1448 466 1503 tenues,
481 1456 532 1494 nec
541 1439 598 1509 jam
611 1439 734 1501 confusa,
747 1455 796 1508 per
807 1455 889 1493 auras

156 1533 266 1588 Circum
278 1535 361 1588 verba
371 1534 493 1588 fremunt
505 1557 511 1587 ι
532 1534 626 1588 vicina
638 1535 741 1604 syllaba
752 1532 806 1586 fida

156 1630 181 1684 lt
195 1647 287 1685 comes
298 1647 315 1684 a
326 1637 404 1700 tergo
414 1651 422 1691 ;
443 1647 494 1686 nec
505 1630 619 1699 longum
631 1637 749 1699 tempus,
764 1629 863 1697 etipse
984 1577 986 1684 f

156 1725 285 1781 Clarescit
297 1734 372 1780 certo
385 1733 468 1781 notus
482 1726 637 1780 discrimine
647 1743 746 1780 sermo.

191 1823 250 1876 Nec
263 1839 328 1876 vero
340 1821 447 1876 cunctis
459 1822 531 1876 idem
545 1824 624 1875 dator
637 1822 729 1874 exitus
743 1821 865 1882 umbris;
983 1875 984 1898 ¹

155 1919 280 1988 Namque
292 1919 367 1972 leves
379 1919 525 1971 verborum
538 1918 644 1980 animae,
661 1934 720 1986 quae
732 1917 839 1970 Gallica
850 1917 921 1971 fudit
983 1903 984 1965 l

154 2014 270 2081 Lingua,
283 2014 376 2088 fugam
389 2020 543 2083 properant,
559 2020 587 2068 et
599 2014 715 2082 fulguris
727 2029 812 2084 ocyor
824 2014 876 2068 alis

155 2109 242 2163 Ardet
254 2110 327 2163 ebbe
339 2110 437 2164 cohors
449 2111 531 2165 simul
543 2111 640 2172 omnis,
656 2116 683 2163 et
697 2110 806 2163 advolat
818 2126 909 2163 aures.

154 2211 192 2258 At
204 2213 306 2268 contra,
325 2206 446 2274 Hispano
459 2209 616 2277 quicunqne
629 2206 748 2260 caducus
760 2207 794 2260 ab
807 2223 857 2260 ore

152 2301 251 2356 Exibat
263 2302 379 2365 sonitus,
393 2303 471 2358 tardo
482 2304 545 2357 ferit
558 2319 660 2372 organa
671 2303 761 2371 pulsu,

152 2398 189 2452 Et
201 2400 275 2453 lenta
287 2399 332 2452 vix
344 2399 391 2452 vix
404 2417 467 2453 cum
479 2401 622 2470 majestate
633 2406 769 2454 movetur.

146 2488 148 2492 ’
189 2494 288 2548 Navita
300 2494 439 2563 signitur,
454 2495 578 2548 nondum
590 2493 692 2549 aethere
704 2510 803 2547 raucus
815 2501 919 2562 aperto,

152 2591 313 2645 Tartareum
325 2591 477 2653 intendens,
492 2593 606 2646 comites
618 2592 736 2646 clamore
749 2591 845 2653 ciebat,

152 2685 286 2752 Agnoscit
298 2686 426 2738 reducem
439 2685 522 2752 longo
534 2692 596 2754 post
608 2694 733 2755 tempore
743 2686 851 2747 fletum,

151 2777 322 2844 Miraturque
334 2777 416 2830 simul
428 2786 541 2845 questus
553 2780 696 2849 sociosque
709 2788 846 2849 receptos.

150 2867 232 2920 Forte
245 2885 333 2922 novus
345 2870 445 2929 turbat,
461 2872 549 2925 media
560 2873 631 2928 inter
643 2877 749 2943 gaudia,
764 2877 882 2945 pulsans

174 2961 240 3012 orda
251 2977 350 3028 paron
369 2964 466 3016 soevire
478 2966 542 3027 ursi,
557 2969 696 3038 rabidique
709 2973 841 3027 videntur
