1994 3398
167 141 216 192 134
421 154 457 190 so
476 153 602 190 onvrosrr
621 153 699 190 coos.

166 269 227 346 Seu⁸
235 300 264 347 te
276 300 435 361 presentem
445 295 529 356 vicus,
544 311 594 348 seu
604 293 717 356 viculus,
729 294 820 354 audit;

201 388 375 443 Nocturnum
385 391 472 445 multo
485 391 604 445 carmine
615 389 684 444 fallis
696 390 756 443 iter.

166 483 240 545 Quid
254 485 277 538 si
289 485 362 539 culte
371 487 470 548 minus,
485 486 565 540 doctu
577 493 655 540 vacet
666 493 725 538 arte
736 484 834 554 po'e'sis,
904 537 910 552 ,

201 580 230 634 Si
242 581 356 650 simplex
369 599 465 636 versus
477 582 520 644 sit,
533 583 695 651 numerique
705 582 802 642 rudes;

165 676 296 731 Invidiam
309 695 421 733 somnus
435 681 523 745 (tonte
534 679 703 748 indulgentie
718 679 820 747 noctis)

201 772 352 842 Opprimit;
373 780 401 827 et
412 775 489 836 livor,
504 783 533 828 te
546 775 684 849 recitante,
696 773 765 828 silet.

164 867 298 923 Diuorum
311 869 426 940 hyberni
440 887 546 926 menses
559 880 735 942 quotcunque
747 871 900 934 celebrent,

200 965 307 1035 Cuique
318 967 410 1020 locum
423 975 450 1022 et
463 985 571 1022 versum
585 969 632 1022 dat
644 977 692 1022 tua
704 985 781 1022 musa
792 983 879 1021 suum
891 991 898 1021 ε

164 1061 289 1130 Crispino
301 1071 365 1116 ante
378 1079 489 1124 omnes;
510 1081 600 1134 neque
618 1065 689 1118 enim
711 1065 770 1118 sine
789 1065 918 1120 carmine
933 1067 968 1118 ias

233 1169 275 1216 est

200 1258 299 1311 Nobile
311 1265 436 1312 sutorum
448 1259 607 1326 praeteriisse
619 1259 711 1312 decus.

164 1354 223 1408 Nec
235 1361 283 1408 tue
295 1362 323 1408 te
335 1356 420 1423 pietas
432 1355 491 1427 fieri
502 1355 653 1424 permiserit
666 1371 784 1424 unquam

199 1451 314 1505 Caesaris
326 1453 512 1504 immemorem
527 1451 708 1522 Cesareoeque
720 1452 826 1505 domus.

164 1546 259 1602 Officio
272 1547 397 1600 dominos
408 1547 496 1599 multo
509 1546 685 1617 dominosque
694 1547 809 1609 sulutem

199 1642 293 1696 Gratia
304 1659 356 1696 nec
368 1641 427 1696 fide
439 1642 590 1696 sedulitatis
601 1645 686 1698 abest.

164 1739 252 1793 Multa
263 1741 365 1794 docens
374 1739 499 1809 juvenes,
515 1747 543 1794 et
555 1741 680 1809 pulchras
693 1741 904 1810 multapuelles,
989 1793 990 1800 ,

198 1836 272 1892 Utile
285 1844 316 1891 tu
328 1837 420 1906 pueris
432 1837 636 1908 virginibusque
648 1840 735 1892 canis:

163 1933 328 2004 Conjugium
340 1933 405 1988 felix
418 1933 527 1987 monitis
540 1935 680 1988 utentibus
689 1941 774 2003 optas,

198 2031 358 2100 Cunctaque
370 2047 430 2100 quse
442 2038 532 2084 castus
544 2030 641 2098 gaudio
652 2031 739 2085 lectus
750 2030 840 2084 babet.

162 2129 206 2183 Tu
217 2129 334 2183 monitor
345 2127 453 2182 famulis
465 2145 548 2181 sexus
561 2127 703 2196 utriusque
714 2129 858 2197 benignus,

198 2225 345 2280 Munditias
358 2226 409 2280 illis
422 2225 550 2294 praecipis,
565 2224 640 2278 hisce
651 2224 742 2278 fidem.

162 2322 297 2378 Omnibus
308 2330 336 2375 at
348 2322 418 2376 votis
431 2322 483 2375 hoc
496 2337 557 2374 oras
568 2327 780 2390 etqueperorss,

197 2418 236 2473 Ut
248 2419 364 2472 dominis
376 2418 473 2472 cedent
485 2433 613 2486 prospera
625 2433 738 2487 quseque
753 2417 816 2471 tuis.

161 2515 255 2569 Unum
268 2513 320 2566 hoc
333 2529 386 2582 prae
397 2513 503 2566 cunctis
517 2513 671 2566 meminisse
683 2511 805 2574 hortaris,
821 2518 852 2564 ut
866 2513 932 2566 imis
989 2545 990 2582 3

197 2611 309 2664 Summa
320 2609 399 2662 etiam
414 2614 536 2676 exaequet
547 2607 642 2662 mortis
654 2609 740 2661 amica
751 2623 857 2660 manus.

162 2706 236 2768 Quid
249 2707 297 2760 tibi
309 2721 359 2775 pro
371 2705 485 2758 totidem
500 2705 602 2757 meritis
614 2703 773 2772 speremus?
792 2705 879 2758 emori

198 2803 302 2864 Quisve
314 2811 363 2856 tuo
375 2802 482 2870 equalis
495 2801 658 2855 retribuatur
670 2801 765 2854 amor?

162 2900 262 2968 Tuque
273 2905 392 2968 tuusque
404 2899 484 2951 canis
490 2899 512 2951 si
525 2915 575 2952 nos
588 2900 688 2960 visetis,
704 2907 820 2967 uterque

199 2994 275 3046 Grati
287 2994 361 3047 eritis
373 2983 458 3056 nobis,
474 3002 560 3062 tuque
571 3002 690 3064 tuusque
703 2996 784 3048 oanis.
