2036 3400
445 713 598 778 VOTUM

392 895 595 970 cuononi
626 900 653 954 s.

126 1143 221 1202 liuns
240 1148 268 1202 in
291 1164 381 1210 manu,
401 1148 506 1202 erudite
522 1147 616 1212 lector,
639 1150 848 1211 contiunculnm,
873 1167 928 1205 nec
990 1128 991 1134 ἵ

123 1265 272 1312 amatorum
291 1259 420 1327 suspiriis,
440 1275 492 1312 nec
513 1267 701 1328 compotorum
724 1259 850 1315 refertam
876 1277 928 1314 vo-

123 1366 339 1429 ciferationibus3
371 1368 420 1421 sed
441 1367 573 1436 gravitate
597 1376 625 1422 et
648 1369 785 1439 leporibus
803 1377 863 1422 -tsrn
890 1385 929 1422 ex

123 1493 199 1547 equo
230 1482 414 1545 temperatam,
441 1482 496 1528 torn
525 1476 620 1544 procul
643 1494 659 1530 e
683 1477 761 1531 senili
791 1482 928 1530 remotum
994 1487 995 1492 ’

123 1585 288 1648 morositate,
304 1592 332 1639 et
343 1585 376 1638 ab
388 1583 495 1652 ineptiis
508 1585 655 1653 puerilibus
667 1591 722 1638 tam
733 1585 928 1639 abhorrentem

124 1703 152 1750 et
170 1695 292 1755 alienum.
313 1702 345 1748 ut
359 1696 476 1766 juvenes
495 1694 600 1757 exinde,
621 1695 694 1763 quod
715 1694 863 1763 precipiam
886 1703 925 1758 et,

124 1808 198 1877 quod
209 1807 334 1869 delectet,
349 1813 495 1874 excerpent
508 1806 637 1859 seniores.

162 1914 289 1969 Materies
308 1914 423 1984 hujusce
444 1914 575 1982 poe'metis
593 1931 626 1967 ee
643 1913 769 1968 humsnae
786 1913 928 1969 felicitatis

124 2023 311 2092 complectitur
335 2030 502 2092 arguments,
529 2023 563 2076 ad
587 2039 647 2092 qum
670 2031 764 2077 nostra
788 2023 925 2089 omnium,

124 2139 202 2187 etate
218 2133 312 2186 saltem
324 2133 533 2200 provectiorum,
552 2134 723 2186 contendunt
735 2140 807 2186 vota.
848 2130 930 2187 Nihil

123 2242 303 2312 magnificum,
330 2241 396 2296 nihil
420 2250 619 2312 sumptuosum,
641 2242 707 2296 nihil
731 2242 842 2296 homine
859 2258 928 2310 pru-

124 2352 206 2406 dente
224 2359 252 2406 et
270 2353 342 2407 bono
360 2352 510 2422 indignum,
530 2359 700 2420 praeoptetur.
741 2351 926 2420 Supervacua,

124 2469 151 2515 et
175 2462 208 2516 sd
233 2477 303 2516 verae
326 2461 528 2531 jucunditatem
553 2460 616 2514 vitae
642 2475 697 2514 non
721 2459 854 2522 facientis,
883 2477 928 2516 re-

124 2571 268 2640 pudiantur
292 2571 386 2624 mults.
426 2571 467 2624 Ea
496 2570 598 2654 scilicet
629 2569 745 2624 declinat
775 2575 868 2624 noster
899 2580 929 2626 et

124 2689 261 2735 eversatur
274 2687 378 2743 auctor,
393 2697 452 2750 quae
465 2681 508 2735 vel
520 2679 641 2735 luxuries
654 2679 759 2743 vitiose,
773 2680 818 2735 vel
825 2680 930 2736 lascive

123 2791 227 2860 ignens
248 2791 318 2845 solet
342 2792 514 2860 excogitare;
541 2791 605 2844 sutis
629 2792 734 2852 beatus,
762 2790 785 2843 si
808 2791 925 2860 gaudiis,

123 2914 181 2966 que
192 2899 324 2966 sperando
337 2900 498 2968 conceperit,
513 2899 581 2954 nihil
599 2899 776 2954 intervenerit
794 2917 926 2956 curarum

125 3011 174 3057 sut
186 3003 359 3074 egritudinis.
