1986 3398
142 139 191 186 194
392 149 428 184 mr
447 149 603 184 murreum
623 150 684 186 rur.

140 294 214 346 Ante
226 293 297 347 diem
313 291 393 345 Luna
404 291 509 353 efficiet,
526 291 698 362 Phoehusque
710 296 848 358 tenebras,

140 389 229 450 Quem
243 389 305 442 dive
316 389 446 443 exciderit
458 390 534 451 solio.
551 406 606 458 quo
618 390 672 444 fixa
683 407 732 459 per
745 409 829 448 omne

139 487 268 550 perstitit,
284 496 311 542 et
323 489 453 556 perstabit
465 489 492 542 in
506 506 588 543 omne
600 488 745 544 immobilis
757 509 857 546 aevum.

307 655 483 720 Cantabrigiae,
495 657 520 704 in
533 657 648 706 Comitiis
658 658 792 722 prioribus,
807 659 908 710 1706-7.

166 1164 340 1220 LOCKIUS
371 1163 455 1217 NON
486 1161 618 1216 REGTE
650 1161 827 1216 STATUIT
860 1161 915 1216 Dr,

226 1309 460 1364 PARTICULA
480 1308 720 1362 ANGLICANA
740 1309 840 1362 ΒΗΤ.

138 1526 201 1578 Nou
216 1541 277 1579 mee
288 1525 413 1578 victrices
426 1525 527 1584 laurus,
543 1524 657 1592 insignia
669 1525 740 1584 belli,

139 1622 226 1684 Musa,
241 1639 292 1676 nec
305 1629 405 1690 optatae
418 1640 506 1676 ramos
519 1622 660 1690 praetendit
673 1623 765 1681 olivae;

138 1718 333 1773 Grammaticus
345 1719 447 1772 ambire
459 1719 546 1772 tribus
559 1726 587 1771 et
599 1719 702 1786 pulpita
715 1733 806 1786 cogor,

137 1815 247 1869 Ludere
259 1815 405 1884 particulis,
419 1821 447 1868 et
460 1815 541 1884 nugis
552 1814 653 1867 addere
665 1813 781 1881 pondus.

137 1911 287 1979 Orbiiiique
300 1911 399 1964 iterum
411 1911 531 1978 pendere
543 1910 680 1978 loquentis
692 1909 725 1962 ab
738 1924 792 1968 ore,

136 2007 394 2075 Discipulorumque
406 2007 477 2060 inter
489 2006 600 2074 paulum
613 2004 733 2058 habitare
746 2005 900 2058 cathedras.
990 1991 991 2037 i

172 2103 323 2158 Verborum
337 2103 449 2156 miseros
463 2103 528 2154 dum
541 2101 691 2169 deploravit
703 2102 804 2154 abusus

137 2201 265 2260 Loekius,
279 2199 390 2252 amissas
403 2215 526 2260 veneres,
541 2205 683 2266 artemque
694 2197 825 2266 loquendi

138 2298 307 2365 Corruptam,
322 2302 457 2365 tantaeque
470 2296 543 2349 ultro
555 2291 733 2348 medica'mina
744 2294 814 2361 pesti

137 2393 255 2449 Attulit:
276 2393 434 2462 imprudens
447 2392 558 2460 impune
571 2391 686 2444 evadere
699 2389 760 2442 sivit

136 2492 299 2547 Particulum
309 2491 387 2552 hane,
397 2490 523 2558 dirasque
532 2490 559 2541 in
570 2489 682 2556 vulgum
690 2503 816 2556 spargere
825 2494 942 2556 strages.
988 2543 989 2546 ,

135 2591 234 2645 Duieie
246 2590 310 2658 quid
325 2604 473 2641 memorem
486 2586 609 2640 convivia
621 2586 706 2639 mixta
717 2584 847 2643 tumultu,

136 2687 335 2752 Extinctosque
347 2684 431 2751 ignes,
447 2683 599 2749 violataque
611 2681 710 2733 soedera
721 2679 841 2732 amoris?

172 2779 235 2830 Non
249 2786 360 2831 centum
372 2779 472 2845 linguis
484 2777 624 2829 mendacia
636 2776 713 2844 plum
725 2775 769 2828 vel
782 2776 840 2844 ipsu

136 2869 217 2919 Fame
230 2867 321 2926 refert,
336 2869 390 2920 leni
403 2885 484 2935 quam
497 2868 556 2922 haec
569 2870 671 2938 syllaba
683 2886 754 2938 saepe
766 2887 895 2924 susurro.

137 2959 271 3010 Nimirum
285 2959 336 3009 hoc
350 2961 435 3011 telum
448 2969 498 3022 est,
514 2978 568 3028 quo
580 2963 651 3016 sacta
664 2966 780 3033 insignia
792 2967 873 3029 livor,
