1986 3398
138 143 190 192 238
448 157 523 193 ouon
542 157 632 193 ruem.

141 296 240 351 Omnis
251 297 341 352 mirari
353 313 482 365 praesens,
497 299 662 368 crinemque,
678 301 861 370 coloremque,

175 391 211 445 Et
224 393 319 445 molles
332 393 434 456 oculos,
449 409 653 462 purpureosque
668 411 760 463 geues.

142 488 231 549 Quem
255 489 325 542 bello
348 489 404 542 haec
429 491 535 544 macula
555 496 605 552 est,
631 491 730 544 laevum
753 508 814 561 quae
835 494 940 563 stringit

209 586 327 638 ocellum
342 584 349 639 l

177 681 215 735 Ut
227 699 341 736 veneres
353 683 472 752 geminat
483 683 580 736 lunula
590 683 654 737 bina
665 689 725 737 tues
737 682 744 737 l

142 780 231 841 Quam
243 780 313 833 bene
325 780 422 832 nativos
433 781 599 847 respondent
611 781 702 834 omnia
711 779 823 834 lormae!

177 875 216 928 Ut
227 876 355 944 gracilem
367 883 490 930 attenuat
502 893 571 930 zona
583 877 696 930 reductu
708 875 816 930 sinum!
826 877 832 888 ’

141 973 201 1026 Nec
213 973 314 1026 desunt
325 972 389 1026 huic
402 973 533 1042 obsequio
545 989 595 1026 suo
606 989 720 1026 munera
731 995 738 1033 ;
759 981 864 1042 quanta

177 1067 231 1120 l'ro
243 1067 340 1120 merito
353 1067 392 1122 fas
405 1075 447 1121 est
459 1084 563 1136 proque
575 1068 666 1121 valore
679 1068 744 1120 dari.

141 1161 268 1216 Fasciolis
282 1160 389 1225 Phoebe,
407 1163 506 1216 Phoebe
518 1163 618 1215 donato
627 1163 750 1225 lucernis,

177 1257 215 1310 Et
226 1259 323 1326 placet,
339 1265 367 1311 ct
379 1259 474 1326 quanti
486 1257 520 1312 sit
533 1257 674 1325 placuisse,
689 1257 778 1310 docet.

413 1891 524 1947 ODOR
544 1891 674 1945 LUCRI.

144 2115 273 2170 Prummu
285 2116 319 2169 ad
331 2116 428 2170 turrim
440 2132 495 2185 quo
506 2116 603 2170 semita
614 2115 689 2169 ducit
701 2115 735 2168 ab
749 2115 815 2177 oede,

180 2212 289 2265 Nomen
302 2213 337 2265 de
352 2212 473 2266 Thamisi
484 2212 596 2265 flumine
608 2211 685 2264 vicus
698 2211 789 2264 habet.

145 2308 323 2376 Nequaquam
336 2306 414 2360 violis
426 2306 613 2374 conspergitur
626 2304 816 2373 inermisque,

181 2404 291 2457 Nedum
304 2404 368 2465 olet,
383 2410 414 2456 ut
427 2403 516 2471 pictus
527 2403 639 2456 floribus
652 2402 748 2455 hortus
760 2402 827 2455 olet.

145 2499 205 2552 Nec
215 2498 287 2560 thus,
299 2513 350 2550 uec
358 2498 481 2559 nardum,
493 2514 544 2550 nec
553 2513 646 2551 aroma
653 2504 700 2551 aut
710 2497 835 2550 cinnomo
843 2497 953 2559 vendit,

182 2595 240 2646 Aut
252 2593 316 2646 felix
329 2593 456 2661 quicquid
469 2593 552 2645 mittit
565 2593 655 2646 odoris
671 2592 767 2654 ArabS,

146 2687 249 2740 Caseus
261 2693 303 2739 ast
316 2686 377 2748 illic,
392 2701 474 2754 quem
490 2685 594 2738 Cestriu
606 2687 712 2754 pressit,
727 2687 848 2740 abundat

183 2780 305 2839 Multus;
326 2787 353 2833 et
365 2781 393 2833 id
405 2782 489 2833 sentis
501 2781 653 2834 olfaciendo
666 2783 770 2850 procul.

148 2870 233 2922 Milliu
243 2872 407 2939 lychnorum
419 2875 540 2941 pendent
553 2892 587 2928 ex
601 2877 696 2930 ordine
708 2876 811 2937 multe3

183 2962 270 3029 lnque
283 2965 355 3016 cadis
367 2982 440 3032 sepo,
454 2967 508 3033 pix,
524 2968 671 3037 oleumque
679 2971 781 3038 jacent.
