1994 3398
226 507 279 561 AD
299 508 485 564 DAVIDEM
506 511 624 575 GOOK,

35 683 279 718 westuoutsttttn
297 683 438 718 custodat(
458 684 624 720 doctum!
643 683 676 720 ET
689 683 814 720 tldttttt·

263 795 405 853 vestitvit,
423 797 497 832 Auno
517 784 586 835 1716.

24 948 162 1002 tumetum
173 951 220 1019 qui
232 967 302 1020 saepe
314 952 380 1006 mihi
392 953 439 1006 das
452 970 560 1006 carmen
573 954 680 1015 amoris,

60 1045 159 1101 Reddo
172 1048 220 1102 tibi
232 1049 361 1104 indicium
375 1067 483 1104 carmen
495 1050 594 1105 amoris
607 1067 665 1120 ego.

25 1142 83 1203 Qui
93 1143 214 1198 faustum
228 1153 255 1200 et
267 1147 331 1201 felix
345 1148 461 1201 multum
474 1147 540 1202 mihi
552 1165 631 1202 mane
646 1147 779 1216 preceris3

59 1241 131 1295 Dico
143 1249 225 1311 atque
237 1244 374 1314 ingemino
386 1262 460 1300 nunc
472 1245 522 1299 tibi
533 1261 635 1308 rursus,
649 1263 707 1300 eve.

24 1339 67 1391 Te
80 1356 172 1408 neque
184 1341 336 1396 dinumerat
347 1342 434 1411 gellus
446 1343 615 1397 constantius
628 1342 715 1406 hores,

60 1438 121 1492 Nec
134 1440 219 1507 magis
231 1440 254 1493 is
266 1447 342 1494 certo
350 1448 483 1512 provocat
495 1458 543 1495 ore
556 1441 637 1494 diem.

24 1536 95 1589 Cum
109 1537 189 1590 variis
201 1537 314 1605 implent
326 1538 444 1592 tenebrae
453 1538 601 1592 terroribus
613 1539 715 1601 orbem,

61 1634 107 1686 Tu
120 1634 220 1687 comite
231 1641 372 1688 assuetum
384 1651 447 1689 cum
460 1651 527 1688 cene
539 1635 625 1703 carpis
637 1635 698 1689 iter.

25 1729 85 1782 Nec
97 1737 135 1791 te,
150 1746 217 1798 quos
230 1746 296 1784 seroe
308 1731 437 1785 emittunt
446 1738 508 1800 post
520 1732 583 1784 vina
594 1732 709 1800 popinae,

60 1827 121 1881 Nec
134 1833 169 1887 te.
185 1844 254 1896 quos
265 1828 384 1882 lemures
398 1828 514 1898 plurima
525 1828 592 1883 vidit
604 1845 690 1888 anum

24 1924 85 1976 Nec
97 1931 126 1976 te
138 1931 298 1991 perterrent,
315 1925 419 1979 nodoso
431 1925 522 1994 stipite
533 1925 643 1987 fretum,

59 2020 181 2074 Subdola
192 2021 239 2088 qui
252 2021 334 2074 tacito
345 2028 456 2090 pectore
467 2020 541 2074 furta
553 2029 656 2090 perant.

23 2115 80 2168 Sed
92 2115 116 2168 si
131 2117 177 2169 cui
188 2133 323 2180 occurres,
336 2118 422 2186 prima
434 2118 481 2187 qui
491 2125 581 2186 portat
593 2120 627 2172 ad
639 2120 735 2174 urbem

59 2211 117 2266 Sub
128 2211 199 2275 luce,
214 2214 330 2282 exiguus
342 2230 408 2283 quas
420 2214 495 2268 dedit
506 2214 602 2270 hortus
614 2231 688 2284 opes.

24 2311 108 2364 Hune
120 2311 230 2379 placidis
244 2311 331 2374 dictis,
347 2319 374 2366 et
388 2329 455 2366 voce
466 2312 553 2368 affaris
565 2315 668 2374 amictu

58 2405 155 2475 thue
167 2406 224 2460 dies
237 2405 325 2459 fausta
336 2405 406 2470 luce,
422 2409 546 2476 precaris,
561 2417 613 2464 eet.

23 2501 139 2555 Tinnitu
153 2502 300 2556 adventum
313 2503 430 2571 signans,
442 2505 564 2559 oriantur
575 2523 610 2559 an
622 2513 702 2568 astra,

58 2597 168 2660 Narras,
182 2614 217 2650 an
230 2612 298 2665 pure
309 2597 399 2652 lucide
410 2598 475 2652 luna
488 2599 577 2652 micet.

23 2693 155 2762 Dumque
165 2695 242 2764 quies
254 2712 305 2748 nos
314 2695 368 2749 alta
379 2704 479 2757 manet,
494 2714 545 2750 nec
557 2695 664 2764 frigoris
676 2694 748 2748 ullus

58 2796 184 2857 Securos,
198 2795 297 2865 pluviae
309 2813 359 2850 nee
370 2803 460 2851 metus
473 2797 545 2851 ullus
557 2796 638 2850 habet
649 2818 656 2854 ι

25 2891 67 2945 Tu
80 2891 184 2960 gelidos
196 2893 267 2945 inter
281 2899 377 2946 ventos
389 2894 502 2947 versaris
514 2901 542 2947 et
553 2893 660 2954 imbres,

59 2988 129 3042 Cum
144 2989 212 3043 mela
223 2996 378 3059 tempestae,
395 2997 421 3044 et
434 2991 510 3058 nigra
522 2990 595 3044 saevit
607 2989 702 3042 hieme.

697 3100 715 3135 κ
