2002 3400
528 137 584 192 m

335 423 449 477 Dm
470 423 626 478 Amilos
646 423 761 478 soen.

151 563 234 619 Vrore
246 575 278 619 ut
290 566 436 619 luuntur
450 565 649 635 Polyphemum
660 565 736 619 solus
750 565 873 634 ulyssea

187 663 256 724 Qu
267 663 349 716 modo
361 670 417 716 tam
429 663 523 716 nme
533 669 724 717 eontremuere
734 678 844 714 manus.

151 759 208 820 Qui
219 759 342 820 tolidem,
356 758 404 826 qui
414 765 491 811 tauta
501 758 582 812 heros
592 758 727 811 Diomede
738 756 845 825 peregit

186 868 257 922 Cum
269 869 353 930 meio,
367 867 443 921 solua
454 883 518 920 eum
529 865 591 929 luit,
604 857 691 924 Οὖτις
703 874 769 920 erat

388 1296 462 1354 VOS
483 1297 567 1354 NON
588 1296 712 1350 VOBIS.

150 1455 233 1508 Dosa
247 1455 399 1508 laborantes
411 1455 551 1507 invertunt
562 1469 626 1506 arva
633 1449 754 1521 juvenci,

186 1550 225 1604 Ut
238 1551 348 1604 domino
361 1557 481 1619 segetem
493 1549 577 1602 libera
587 1547 684 1601 funda
696 1545 806 1599 humus.

150 1647 210 1700 Nec
222 1647 313 1699 minus
324 1644 437 1714 agrestis
448 1644 530 1697 lassat
542 1659 592 1696 sua
602 1623 723 1696 membra
730 1640 832 1702 labore,

185 1743 260 1797 Dum
274 1742 474 1796 versationum
486 1740 584 1809 pabula
595 1746 671 1808 grata
681 1738 753 1792 bovi.

150 1841 236 1895 Sudat
248 1847 365 1908 uterque
376 1839 495 1908 quidem,
510 1839 559 1891 sed
572 1853 627 1889 non
639 1835 690 1889 sibi
701 1834 781 1888 sudat
795 1841 928 1902 uterque;

186 1937 257 1990 Nam
270 1936 380 1990 domino
393 1936 472 1989 sudat
484 1935 541 1996 bos,
556 1933 737 2000 dominusque
749 1929 823 1983 bovi.

202 2373 288 2412 ΗΠΒ
301 2377 359 2413 GU!
371 2373 486 2414 utullus
499 2371 648 2413 ΙΑΟΙΗᾸΙΕ
661 2370 896 2412 coronemus.

151 2507 216 2562 Guu
228 2507 299 2562 forte
311 2510 344 2562 od
356 2509 471 2578 lapidem
487 2510 574 2578 (tanta
585 2517 627 2564 est
643 2508 775 2562 discordia
786 2507 916 2574 fratrum)

186 2603 301 2672 Impegit
314 2605 415 2673 rigidus
427 2605 514 2658 fossor
526 2612 632 2674 agreste
644 2611 741 2673 eaput;

150 2697 176 2750 N
178 2685 269 2765 egligit
281 2699 327 2751 ille
338 2700 422 2752 ictum
435 2706 512 2753 tutus
525 2700 675 2753 munimine
689 2698 794 2760 frontis,

185 2790 221 2842 Et
234 2791 336 2843 cerebri
348 2799 465 2845 armatus
478 2795 575 2845 robore
587 2799 665 2847 tutus
677 2794 742 2848 abit.

149 2881 182 2933 Vi
193 2882 270 2947 parili
281 2891 436 2945 occurrunt,
451 2885 542 2938 neutri
553 2886 666 2940 victoria
678 2888 750 2941 cedit
760 2909 768 2947 ι

186 2973 267 3026 Nulla
279 2975 345 3040 lapis
357 2977 456 3041 patitur
469 2979 589 3041 vulnera,
604 2982 680 3035 nulla
692 2990 785 3050 eaput.
