2036 3400
332 174 448 210 ustinus
462 176 587 212 rabulus.

448 341 477 376 x.

123 417 187 471 Men
200 419 262 480 vita,
278 419 359 472 vitam
373 420 396 472 si
409 437 495 474 meam
506 421 657 489 dignaberis

121 515 245 578 Servare,
259 515 315 577 tibi,
330 515 443 578 Jehova‚
458 518 674 579 consecrabitur;

120 611 158 665 Et
171 627 251 673 mors,
266 611 358 666 sutura
370 611 503 680 siquidem
516 621 558 667 est
570 631 643 668 mors
655 615 751 683 portio,

121 709 249 763 Animam
262 725 350 763 meam
363 709 412 763 tibi
424 710 475 763 soli
486 711 630 766 adunatam
644 710 725 765 dabit.

277 1041 446 1098 HYMNUS
467 1043 650 1100 Talarius

456 1209 475 1244 r.

123 1287 233 1343 Monrrs
246 1289 421 1342 resuscitatus
433 1306 449 1343 a
461 1288 601 1350 cubilibus,

90 1430 95 1440 .
122 1383 203 1437 Noxa
214 1384 360 1438 obvolutus
372 1378 448 1438 totus
461 1391 489 1438 ei
501 1391 576 1438 metu
589 1386 711 1447 obrutus,

123 1480 221 1534 Coram
234 1481 281 1536 ubi
293 1482 407 1536 creatori
420 1499 481 1535 meo
494 1482 589 1536 obvius
602 1481 693 1544 dabor,

122 1575 194 1638 Quis
206 1575 241 1643 oi
260 1577 385 1632 videbor!
405 1594 460 1647 quo
472 1579 577 1646 pudore
589 1577 734 1647 contegar!

450 1691 480 1728 rr.

121 1769 213 1840 Siquis
226 1770 377 1842 remissioni
388 1770 477 1824 adbuc
489 1777 572 1824 restat
584 1770 669 1832 locus,

122 1867 183 1920 Nec
195 1883 262 1928 sera,
276 1867 390 1920 nimium
402 1883 470 1928 sera,
484 1866 639 1936 poenitentia
651 1872 709 1926 cst;

122 1961 248 2016 Labascit
258 1962 371 2017 horrore
382 1961 479 2023 anima,
494 1969 522 2016 et
534 1961 560 2014 in
574 1978 634 2016 sese
646 1960 723 2031 sugit,

122 2059 160 2114 nt
172 2060 316 2128 cogitando
327 2067 490 2129 praegravata
501 2059 654 2114 contremit.

445 2173 487 2210 rn.

122 2251 195 2306 Cum
204 2259 243 2315 te,
258 2251 370 2317 Jehova,
385 2251 484 2306 vesties
496 2253 651 2315 terroribus,

121 2347 167 2411 Et,
181 2363 231 2418 pro
242 2347 370 2402 tribunali
380 2347 486 2410 sedens,
501 2348 663 2403 scrutaberis

121 2443 252 2498 omiserit
264 2459 326 2513 quae
338 2443 461 2513 quisque,
476 2459 536 2513 quae
549 2443 722 2505 commiserit,

124 2541 194 2604 Quis
205 2538 240 2595 ci
261 2539 389 2595 videbor!
409 2557 464 2610 quo
475 2541 580 2610 pudore
592 2538 737 2612 contegati

447 2654 484 2692 ιν.

123 2735 212 2791 Menti
223 2736 272 2790 sed
283 2752 365 2805 aegrae,
381 2735 523 2790 criminum
536 2751 617 2804 quam
629 2733 747 2804 poenitet,

122 2833 246 2904 Hujusce
258 2840 289 2887 tu
301 2832 489 2901 promissores
501 2830 596 2893 solatii,

122 2928 205 2991 Quod
217 2929 396 2999 lacrymarum
409 2927 497 2982 lenius
509 2925 644 2995 piaculum

120 3026 264 3080 Poenarunr
275 3026 412 3080 acerbiora
423 3023 618 3095 deprecabitur.

742 3132 760 3167 n
