2036 3400
295 163 410 198 nurnero
431 163 464 198 ur
483 163 583 200 onnon.
805 148 840 202 47

44 303 140 356 Forma
149 302 203 357 luit
216 303 294 370 (dum
307 303 393 358 forma
403 303 469 371 luit)
482 303 617 357 nascentis
629 302 663 356 od
675 301 758 356 instar

78 400 173 462 Floris,
189 401 234 453 cui
247 417 315 453 cano
326 401 464 470 gemmule
475 415 537 454 rore
548 406 652 459 tumet;

43 489 81 550 Ei
93 497 214 550 Veneres
226 497 317 559 risere,
333 505 361 551 et
373 498 543 556 subrubuere
558 495 661 558 labella,

79 595 216 648 Subrubet
230 601 260 647 ut
272 570 373 648 teneris
386 601 505 662 purpura
516 593 602 662 prima
613 591 688 645 rosis.

41 787 98 840 Sed
109 786 184 839 lenta
196 785 287 838 exedit
298 786 374 839 tabes
385 785 550 854 mollemque
563 785 697 846 ruborem,

78 882 115 935 Et
126 881 219 936 faciles
231 881 311 944 risus,
325 888 352 935 et
361 882 484 950 juvenile
496 881 597 934 decus:

40 979 79 1032 Et
92 995 154 1033 rose
165 979 293 1047 paulatim
306 979 437 1049 languens
450 980 552 1033 nudato
564 978 672 1046 reliquit

79 1075 197 1138 Osculu;
217 1076 352 1144 preripuit
364 1092 437 1129 mors
449 1082 591 1145 properata
605 1073 718 1144 Chloen.

39 1268 151 1322 Excute
163 1275 192 1321 te
204 1269 306 1322 somnis
313 1290 321 1329 ;
341 1276 476 1323 nocturno
489 1284 596 1337 egressu
608 1267 759 1336 sepulchro,

76 1367 183 1420 Evocat
195 1366 309 1420 infidum
324 1366 460 1440 Thyrside
470 1366 524 1420 fido
538 1366 638 1421 Chloe:

39 1462 168 1516 Tandem
178 1461 211 1516 ol
232 1479 307 1516 nunc
319 1463 429 1516 tandem
440 1463 575 1525 miserere,
587 1462 705 1531 audique
714 1460 839 1531 puellum,

76 1559 132 1612 Cui
143 1565 209 1613 tuus
220 1559 316 1612 invidit
329 1559 420 1613 vivere
432 1559 517 1614 durus
531 1575 614 1612 umor.

37 1751 93 1805 Hae
106 1753 227 1805 tenebre
239 1752 368 1822 querulos
379 1769 481 1814 manes,
497 1752 552 1806 hec
565 1751 638 1805 elicit
650 1751 724 1813 hora,

75 1848 117 1902 Ut
129 1848 243 1902 tumulis
255 1855 376 1902 reserent
388 1848 500 1902 humide
512 1848 628 1902 clanstro
639 1847 695 1915 suis
707 1869 713 1907 ;

36 1944 210 2013 Spectreque
223 1944 385 2008 discurrunt,
400 1944 502 2014 perjuri
514 1951 602 1998 terror
613 1943 745 1998 amentis:

74 2043 116 2097 Ut
130 2041 266 2111 trepidum
277 2042 408 2098 infestent
421 2043 612 2112 exagitentque
624 2058 711 2095 reum.

32 2239 151 2309 Thyrsi,
168 2244 247 2292 tuum
260 2239 371 2300 crimen,
385 2238 499 2292 solenne
511 2238 636 2306 recollige
647 2237 741 2298 soedus,

72 2334 113 2387 Et
127 2350 225 2388 revoca
236 2335 316 2387 laeros
328 2333 357 2386 in
369 2340 416 2387 tue
427 2340 491 2387 vota
503 2335 586 2387 deos:

29 2431 252 2500 virgineamque
263 2431 354 2492 fidem,
365 2430 510 2500 jurataque
522 2432 604 2484 verbo
615 2431 738 2491 remitte;

71 2526 114 2580 Et
126 2543 189 2580 mee
201 2526 284 2580 redde
296 2525 362 2580 mihi
375 2533 445 2588 vote,
461 2543 569 2582 resume
582 2533 637 2581 tue.

28 2725 66 2778 ln
83 2739 142 2790 quo
154 2720 260 2774 defluus
272 2721 353 2776 toties
365 2721 466 2776 haerere
478 2723 590 2785 solebas,

72 2818 135 2880 Qui
148 2817 244 2870 faciem
257 2824 364 2886 poteras
378 2817 531 2872 destituisse
544 2817 652 2872 meum?

27 2918 96 2982 Qui
110 2923 246 2976 tenerum,
263 2923 291 2970 et
302 2933 394 2970 rerum
403 2917 526 2986 ignarum
536 2917 602 2969 mihi
614 2917 723 2971 vincere
735 2924 840 2986 pectus,

68 3013 242 3081 victumque
255 3011 372 3081 indignis
384 3013 545 3067 discruciare
558 3012 660 3072 modis;
