1994 3398
366 161 486 198 seusun.
778 151 825 200 101

44 299 103 361 (lue
112 301 198 370 primo
211 300 337 354 induerat
348 299 444 354 florum
458 299 616 354 redimicula
632 318 719 363 mane,

72 397 159 451 Gessit
170 413 220 466 per
231 404 321 451 tutum
335 397 455 466 nymphe
466 404 581 452 venusta
593 398 679 452 diem:

43 489 73 545 Et
81 493 195 562 juvenes
207 491 314 560 pariter,
329 492 428 560 pariter
441 492 534 546 dixere
546 492 653 561 puellae,

74 588 131 640 Non
143 588 170 641 in
185 587 268 642 natali
281 588 320 642 sic
332 587 446 642 nituisse
459 588 526 642 solo.

45 776 124 834 Exutn
132 788 162 834 ut
181 781 262 834 flores
275 781 367 844 sensit,
383 781 457 850 quud
470 781 546 835 nulla
557 779 680 836 colorum

74 877 186 947 Vespere
199 885 313 932 restaret
324 879 417 946 gratie,
432 879 524 932 nullus
537 879 620 940 od0r3

45 970 132 1026 Palluit
143 975 252 1036 obtutu,
266 974 433 1044 gemuitque,
450 975 585 1045 oculoque
597 974 695 1043 pudice

75 1068 203 1132 Demisso,
219 1077 323 1124 sertum
336 1070 477 1140 dejiciebat
488 1071 573 1125 humi.

48 1259 96 1322 llle,
105 1260 185 1314 silens
198 1261 329 1330 quamvis,
345 1279 422 1316 musa
434 1261 575 1316 facundior
588 1263 670 1325 omni,

77 1355 155 1410 ludex
169 1357 284 1426 egregie
296 1357 395 1411 mentis
408 1357 510 1412 ocellus
523 1365 597 1418 erst3

49 1451 108 1505 Cum
119 1453 211 1507 furtim
225 1471 260 1508 ex
273 1454 327 1516 illo,
341 1470 457 1523 gemmae
470 1455 605 1509 rutilantis
617 1454 650 1508 ad
664 1455 755 1516 instar,

74 1546 212 1603 Pulchram
224 1549 397 1605 humectaret
408 1551 499 1606 lucida
510 1557 590 1620 gutta
601 1567 707 1620 genam.

51 1737 122 1798 Quod
134 1743 207 1806 scivi,
222 1743 341 1803 nescivi;
362 1749 389 1796 et
402 1759 459 1806 cnr,
475 1744 610 1798 carissima
622 1743 684 1806 vitu,

80 1835 136 1890 Ohl
156 1854 216 1892 mea
228 1839 287 1900 lux,
300 1838 364 1901 dixi,
380 1855 428 1892 cur
441 1855 473 1893 ea
485 1846 563 1909 gutta
575 1838 666 1894 cadit?

51 1927 120 1985 Unde
131 1933 195 1987 obiit
207 1933 293 2003 pallor
305 1934 419 1989 vultus?
436 1935 501 1998 sare,
518 1936 639 1999 obsecro,
653 1935 718 1998 fare,

78 2027 142 2082 Tam
154 2032 244 2086 subito
257 2029 334 2099 lapsu
341 2040 421 2102 gutte
433 2033 498 2102 quid
510 2033 555 2088 illu
568 2033 651 2088 velit?

50 2214 125 2273 Eccel
143 2222 232 2278 unde!
248 2224 448 2294 (ingemuitque
457 2201 551 2289 simul,¹
562 2225 723 2295 peramabile
732 2225 834 2293 ridens)

78 2314 164 2372 llccel
183 2320 221 2372 eit
233 2319 367 2388 interpres
379 2321 499 2389 pulchra,
514 2322 549 2376 sit
561 2321 635 2376 unde
648 2320 725 2376 dolor
736 2319 743 2375 l

50 2407 120 2466 Dona
131 2420 178 2468 tua
189 2431 225 2468 en
237 2422 377 2484 quantum,
392 2417 485 2486 paucis
502 2417 669 2486 fugientibus
680 2417 762 2480 horis,

80 2506 163 2564 Unice
175 2511 293 2574 mutarit,
308 2518 366 2566 tota
377 2529 429 2568 nee
441 2513 494 2576 ille,
511 2511 585 2568 diesi

53 2693 99 2750 llei
109 2702 187 2756 mihil
208 2705 280 2773 quod
292 2705 371 2758 floret
383 2705 549 2775 languetque
561 2706 686 2775 superbia
701 2704 772 2768 Maii,

83 2793 169 2852 Floret
180 2800 251 2854 idern
262 2800 358 2855 formae
371 2802 464 2871 glorie,
479 2803 589 2872 languet
602 2803 682 2859 idem.

55 2886 165 2962 Utraque
178 2915 257 2952 mene
270 2899 365 2968 vigens
377 2900 566 2969 placidumque
580 2907 607 2952 et
619 2899 698 2954 dulce
708 2900 838 2959 rubescit;

86 2986 201 3060 Utraque
214 2995 354 3049 marcescit
368 3011 488 3062 vespere,
504 2993 593 3061 pallet,
606 2995 668 3048 abit.

689 3105 705 3139 n
718 3092 734 3138 3
