1994 3398
160 129 209 180 142
317 143 405 178 tostis
425 142 459 178 ΕΤ
480 141 595 179 ΡΑΤΙΒΝΒ
615 141 687 178 SUNT
705 143 798 179 stunc.

118 343 120 350 ,
195 287 309 354 strange
321 284 406 354 msgic
419 284 450 338 oi
459 283 516 338 art!
531 284 617 338 which
630 284 677 338 the
690 284 776 355 youth
789 302 837 338 can
852 303 959 356 engsge

159 384 202 438 To
215 399 320 451 peruse,
334 381 392 436 half
401 383 566 444 encmour'd,
581 382 628 436 the
639 381 757 436 features
770 382 801 436 os
809 399 877 452 sge;

161 481 224 535 And
235 480 309 534 force
320 479 390 533 from
403 479 450 533 the
462 479 547 548 virgin
559 497 576 532 s
587 479 647 548 sigh
659 478 690 532 os
698 479 809 548 despair,

160 576 232 631 Thst
243 576 300 639 she,
316 576 393 629 when
408 592 437 630 ss
450 576 503 637 old,
515 575 583 631 shall
594 577 629 628 be
642 575 750 646 equally
761 574 828 631 sciri

160 672 229 726 How
241 679 317 742 great
329 673 351 727 is
363 672 411 726 the
422 673 500 744 glory
512 673 570 726 that
584 672 695 725 Dcnner
707 671 755 725 has
767 673 862 741 gsin'd,

160 770 240 823 Since
256 769 365 838 Apelles
378 775 425 822 not
438 785 513 823 more
524 768 567 822 sor
579 768 619 822 his
634 767 726 821 Venus
738 769 863 822 obtsin'd.

220 1418 352 1474 AGENS
372 1419 424 1474 ET
445 1420 617 1478 PATIENS
638 1420 743 1478 SUNT
764 1420 898 1476 SIMUL.

159 1615 255 1669 Dcxrr
276 1616 353 1669 Acon
368 1615 535 1677 Leonillam;
549 1617 622 1672 haud
634 1635 689 1672 uns
700 1624 781 1686 atque
793 1617 875 1672 citent
892 1617 955 1672 lunc

89 1716 91 1722 '
195 1711 308 1776 Interiit,
323 1713 393 1786 mcie
405 1730 468 1767 cum
480 1731 511 1768 sc
522 1731 593 1769 nova
604 1722 690 1784 nupta
701 1715 779 1770 tulit:

160 1809 200 1865 0s
212 1810 302 1879 pallet,
316 1811 446 1880 languent
457 1811 538 1875 oculi,
554 1811 748 1882 stomachoque
759 1812 791 1865 flt
802 1812 854 1866 ista

195 1906 312 1969 Nausea,
327 1923 387 1977 quae
398 1907 520 1976 gravidas
533 1907 644 1960 denotat
657 1923 716 1961 esse
728 1924 824 1962 nurus.

159 2004 227 2058 Esto
239 2003 306 2058 fides
319 2002 413 2066 dictis;
434 2003 527 2056 ecdem
540 2019 649 2073 quoque
661 2020 762 2058 nausea
776 2004 877 2059 Aconti
888 2011 935 2064 est.

194 2099 314 2154 Pallidus
326 2107 367 2154 est
379 2099 478 2168 pariter
490 2099 591 2160 vultus.
606 2100 708 2154 ocellus
720 2100 812 2155 hebes.

160 2195 268 2258 Nutrix,
283 2195 378 2249 sedula
389 2212 465 2256 cnus,
479 2195 600 2249 fomenta
612 2195 720 2265 utrique
732 2194 875 2259 ministrat,

196 2291 354 2346 cardiacum
369 2291 455 2353 uxori,
470 2291 677 2361 cardiacumque
689 2291 755 2344 viro.

161 2388 229 2450 Quis
242 2405 329 2442 novus
342 2388 393 2451 hic,
408 2389 508 2450 nutrix,
524 2387 649 2442 morbus?
669 2389 735 2442 socii
746 2389 821 2443 unde
830 2387 950 2444 dolores?

197 2485 292 2546 Quave
304 2501 398 2538 sumus
409 2483 512 2554 gravidi
523 2484 679 2538 conditione
691 2483 761 2538 viri?

160 2581 268 2644 Nutrix,
284 2581 378 2635 callida
392 2597 470 2642 anus,
481 2581 541 2642 fuit,
555 2580 651 2651 inquit,
664 2581 772 2651 utrique
781 2581 920 2652 voluptssc

194 2679 282 2747 AEqus
293 2680 357 2733 satis
369 2679 414 2732 lex
427 2687 475 2740 est.
492 2686 522 2731 ut
535 2678 569 2732 sit
582 2677 690 2748 utrique
702 2678 787 2731 dolor.
